store_type,store_id,type,type2,size,price,price_per_oz,price_per_oz_c,taxed,supp,product_id,time,Sample
2,16,WATER,,33.8,1.69,0.05,5,0,0,29,DEC2014,1
2,16,TEA,,23,0.99,0.04304347826,4.304347826,1,0,32,DEC2014,0
2,16,TEA,,23,0.99,0.04304347826,4.304347826,1,0,33,DEC2014,0
2,16,WATER,,33.8,1.69,0.05,5,0,0,38,DEC2014,1
2,16,MILK,LOW FAT MILK,128,3.79,0.029609375,2.9609375,0,0,40,DEC2014,0
2,16,MILK,LOW FAT MILK,64,2.79,0.04359375,4.359375,0,0,41,DEC2014,1
2,16,MILK,WHOLE MILK,128,3.79,0.029609375,2.9609375,0,0,42,DEC2014,0
2,16,MILK,WHOLE MILK,64,2.79,0.04359375,4.359375,0,0,43,DEC2014,1
2,16,JUICE,,63.9,4.59,0.07183098592,7.183098592,0,0,44,DEC2014,0
2,16,SODA,,144,5.99,0.04159722222,4.159722222,1,1,50,DEC2014,0
2,16,SODA,,20,1.89,0.0945,9.45,1,0,59,DEC2014,1
2,16,SODA,,67.6,2.49,0.03683431953,3.683431953,1,0,60,DEC2014,1
2,16,SODA-DIET,,20,1.89,0.0945,9.45,0,0,61,DEC2014,0
2,16,SODA-DIET,,144,5.99,0.04159722222,4.159722222,0,1,81,DEC2014,0
2,16,SODA-DIET,,144,5.99,0.04159722222,4.159722222,0,1,91,DEC2014,0
2,16,SODA-DIET,,67.6,2.49,0.03683431953,3.683431953,0,0,97,DEC2014,1
2,16,SODA-DIET,,67.6,2.49,0.03683431953,3.683431953,0,0,98,DEC2014,0
2,16,SODA-DIET,,67.6,2.49,0.03683431953,3.683431953,0,0,100,DEC2014,1
2,16,SODA-DIET,,12,0.99,0.0825,8.25,0,0,104,DEC2014,0
2,16,SODA-DIET,,20,1.89,0.0945,9.45,0,0,105,DEC2014,1
2,16,ENERGY-DIET,,6,2.59,0.4316666667,43.16666667,0,0,108,DEC2014,1
2,16,SODA-DIET,,20,1.89,0.0945,9.45,0,0,110,DEC2014,1
2,16,SODA-DIET,,20,1.89,0.0945,9.45,0,0,112,DEC2014,1
2,16,ENERGY-DIET,,8.4,2.49,0.2964285714,29.64285714,0,0,113,DEC2014,1
2,16,ENERGY-DIET,,6,2.19,0.365,36.5,0,0,114,DEC2014,1
2,16,SODA,,67.6,2.49,0.03683431953,3.683431953,1,0,125,DEC2014,0
2,16,SODA,,12,0.99,0.0825,8.25,1,0,126,DEC2014,0
2,16,SODA,,20,1.89,0.0945,9.45,1,1,130,DEC2014,0
2,16,SPORT,,28,1.49,0.05321428571,5.321428571,1,0,140,DEC2014,1
2,16,MILK,WHOLE MILK,128,4.79,0.037421875,3.7421875,0,0,145,DEC2014,0
2,16,JUICE,,15.2,2.29,0.1506578947,15.06578947,0,0,160,DEC2014,1
2,16,ENERGY,,6,2.59,0.4316666667,43.16666667,1,0,162,DEC2014,1
2,16,SODA,,20,1.89,0.0945,9.45,1,0,172,DEC2014,1
2,16,SODA,,144,5.99,0.04159722222,4.159722222,1,1,181,DEC2014,1
2,16,SODA,,20,1.89,0.0945,9.45,1,0,189,DEC2014,1
2,16,SODA,,67.6,2.49,0.03683431953,3.683431953,1,0,190,DEC2014,0
2,16,ENERGY,,8.4,2.49,0.2964285714,29.64285714,1,0,193,DEC2014,1
2,16,ENERGY,,6,2.19,0.365,36.5,1,0,195,DEC2014,1
2,16,TEA,,6,3.49,0.5816666667,58.16666667,1,0,196,DEC2014,1
2,16,SODA,,144,5.99,0.04159722222,4.159722222,1,1,16,DEC2014,0
2,16,SODA,,12,0.99,0.0825,8.25,1,0,213,DEC2014,0
2,16,SODA,,20,1.89,0.0945,9.45,1,0,214,DEC2014,1
2,16,SODA,,67.6,2.49,0.03683431953,3.683431953,1,0,215,DEC2014,1
2,16,SODA,,20,1.99,0.0995,9.95,1,0,219,DEC2014,0
2,16,JUICE,,12,1.99,0.1658333333,16.58333333,0,0,230,DEC2014,1
2,16,JUICE,COCONUT WATER,16.9,2.99,0.1769230769,17.69230769,0,0,232,DEC2014,1
4,6,TEA,,23,1.69,0.07347826087,7.347826087,1,0,32,DEC2014,1
4,6,TEA,,23,1.69,0.07347826087,7.347826087,1,0,33,DEC2014,0
4,6,MILK,WHOLE MILK,64,2.99,0.04671875,4.671875,0,0,43,DEC2014,0
4,6,SODA,,20,1.59,0.0795,7.95,1,0,59,DEC2014,0
4,6,WATER,,23.6,1.59,0.06737288136,6.737288136,0,0,77,DEC2014,0
4,6,SODA-DIET,,20,1.59,0.0795,7.95,0,0,105,DEC2014,0
4,6,ENERGY-DIET,,6,2.29,0.3816666667,38.16666667,0,0,108,DEC2014,0
4,6,SODA-DIET,,20,1.69,0.0845,8.45,0,0,110,DEC2014,0
4,6,SODA-DIET,,20,1.69,0.0845,8.45,0,0,112,DEC2014,1
4,6,ENERGY-DIET,,8.4,2.59,0.3083333333,30.83333333,0,0,113,DEC2014,0
4,6,ENERGY-DIET,,6,2.29,0.3816666667,38.16666667,0,0,114,DEC2014,0
4,6,SODA,,20,1.69,0.0845,8.45,1,1,119,DEC2014,0
4,6,SODA,,20,1.69,0.0845,8.45,1,1,130,DEC2014,0
4,6,SPORT,,28,1.99,0.07107142857,7.107142857,1,0,140,DEC2014,1
4,6,JUICE,,15.2,1.85,0.1217105263,12.17105263,0,0,160,DEC2014,0
4,6,ENERGY,,6,2.29,0.3816666667,38.16666667,1,0,162,DEC2014,1
4,6,SODA,,20,1.69,0.0845,8.45,1,0,172,DEC2014,0
4,6,SODA,,20,1.69,0.0845,8.45,1,0,189,DEC2014,1
4,6,ENERGY,,8.4,2.59,0.3083333333,30.83333333,1,0,193,DEC2014,1
4,6,ENERGY,,6,2.29,0.3816666667,38.16666667,1,0,195,DEC2014,1
4,6,SODA,,20,0.99,0.0495,4.95,1,0,219,DEC2014,0
4,6,JUICE DRINK,,16,1.59,0.099375,9.9375,1,1,220,DEC2014,0
4,6,JUICE,COCONUT WATER,16.9,2.89,0.1710059172,17.10059172,0,0,232,DEC2014,1
2,10,WATER,,33.8,1.75,0.05177514793,5.177514793,0,0,29,DEC2014,0
2,10,TEA,,23,0.99,0.04304347826,4.304347826,1,0,32,DEC2014,1
2,10,TEA,,23,0.99,0.04304347826,4.304347826,1,0,33,DEC2014,1
2,10,MILK,WHOLE MILK,128,4.99,0.038984375,3.8984375,0,0,42,DEC2014,1
2,10,MILK,WHOLE MILK,64,2.99,0.04671875,4.671875,0,0,43,DEC2014,1
2,10,JUICE,,63.9,3.99,0.06244131455,6.244131455,0,0,44,DEC2014,0
2,10,JUICE,COCONUT WATER,17,2.5,0.1470588235,14.70588235,0,1,4,DEC2014,1
2,10,SODA-DIET,,16,1.99,0.124375,12.4375,0,1,51,DEC2014,0
2,10,SODA,,12,0.75,0.0625,6.25,1,0,58,DEC2014,1
2,10,SODA,,20,1.75,0.0875,8.75,1,0,59,DEC2014,1
2,10,SODA,,67.6,2.5,0.03698224852,3.698224852,1,0,60,DEC2014,1
2,10,WATER,,33.8,2,0.05917159763,5.917159763,0,0,76,DEC2014,0
2,10,SODA-DIET,,67.6,2.5,0.03698224852,3.698224852,0,0,97,DEC2014,1
2,10,SODA-DIET,,67.6,2.25,0.03328402367,3.328402367,0,0,100,DEC2014,1
2,10,TEA-DIET,,23,0.99,0.04304347826,4.304347826,0,0,103,DEC2014,0
2,10,SODA-DIET,,12,0.75,0.0625,6.25,0,0,104,DEC2014,0
2,10,SODA-DIET,,20,1.75,0.0875,8.75,0,0,105,DEC2014,0
2,10,SODA-DIET,,12,0.75,0.0625,6.25,0,0,111,DEC2014,0
2,10,ENERGY-DIET,,8.4,2.5,0.2976190476,29.76190476,0,0,113,DEC2014,0
2,10,ENERGY-DIET,,6,2.5,0.4166666667,41.66666667,0,0,114,DEC2014,1
2,10,SODA,,66,2.5,0.03787878788,3.787878788,1,1,118,DEC2014,1
2,10,SODA,,66,2.5,0.03787878788,3.787878788,1,1,129,DEC2014,0
2,10,SODA,,20,1.99,0.0995,9.95,1,1,130,DEC2014,0
2,10,SPORT,,28,2.5,0.08928571429,8.928571429,1,0,140,DEC2014,1
2,10,JUICE,,15.2,1.69,0.1111842105,11.11842105,0,0,160,DEC2014,1
2,10,ENERGY,,6,2.5,0.4166666667,41.66666667,1,0,162,DEC2014,1
2,10,SODA,,33.8,2.5,0.07396449704,7.396449704,1,0,170,DEC2014,0
2,10,SODA,,20,1.75,0.0875,8.75,1,0,172,DEC2014,1
2,10,SODA,,12,0.75,0.0625,6.25,1,0,188,DEC2014,0
2,10,SODA,,20,1.75,0.0875,8.75,1,0,189,DEC2014,1
2,10,SODA,,67.6,2.5,0.03698224852,3.698224852,1,0,190,DEC2014,1
2,10,ENERGY,,8.4,2.5,0.2976190476,29.76190476,1,0,193,DEC2014,0
2,10,ENERGY,,6,2.5,0.4166666667,41.66666667,1,0,195,DEC2014,1
2,10,SODA,,12,2.25,0.1875,18.75,1,1,203,DEC2014,0
2,10,TEA,,6,0.99,0.165,16.5,1,0,207,DEC2014,1
2,10,SODA,,12,0.75,0.0625,6.25,1,0,213,DEC2014,1
2,10,SODA,,20,1.99,0.0995,9.95,1,0,219,DEC2014,0
2,10,JUICE DRINK,,66,1.89,0.02863636364,2.863636364,1,1,18,DEC2014,0
2,10,JUICE DRINK,,67.6,1.89,0.02795857988,2.795857988,1,0,18,DEC2014,0
1,25,JUICE,,62.37,5.99,0.09603976271,9.603976271,0,1,27,DEC2014,1
1,25,WATER,,33.8,1.79,0.05295857988,5.295857988,0,0,29,DEC2014,1
1,25,MILK,LOW FAT MILK,128,7.99,0.062421875,6.2421875,0,1,6,DEC2014,1
1,25,MILK,LOW FAT MILK,64,4.49,0.07015625,7.015625,0,1,7,DEC2014,1
1,25,MILK,WHOLE MILK,128,7.99,0.062421875,6.2421875,0,1,8,DEC2014,1
1,25,MILK,WHOLE MILK,64,4.49,0.07015625,7.015625,0,1,9,DEC2014,1
1,25,SODA,,144,6.19,0.04298611111,4.298611111,1,1,50,DEC2014,1
1,25,SODA-DIET,,67.6,2.19,0.0323964497,3.23964497,0,0,57,DEC2014,1
1,25,SODA,,20,1.99,0.0995,9.95,1,0,59,DEC2014,1
1,25,SODA,,67.6,2.19,0.0323964497,3.23964497,1,0,60,DEC2014,1
1,25,SODA-DIET,,20,1.99,0.0995,9.95,0,0,61,DEC2014,1
1,25,JUICE DRINK,,16,1.79,0.111875,11.1875,1,1,70,DEC2014,1
1,25,WATER,,33.8,1.29,0.03816568047,3.816568047,0,0,76,DEC2014,1
1,25,SODA-DIET,,144,6.19,0.04298611111,4.298611111,0,1,81,DEC2014,1
1,25,SODA-DIET,,144,5.99,0.04159722222,4.159722222,0,1,91,DEC2014,1
1,25,SODA-DIET,,67.6,2.19,0.0323964497,3.23964497,0,0,97,DEC2014,1
1,25,SODA-DIET,,67.6,1.99,0.02943786982,2.943786982,0,0,100,DEC2014,1
1,25,SODA-DIET,,67.6,2.19,0.0323964497,3.23964497,0,0,102,DEC2014,0
1,25,SODA-DIET,,20,1.99,0.0995,9.95,0,0,105,DEC2014,1
1,25,SODA-DIET,,20,1.89,0.0945,9.45,0,0,112,DEC2014,1
1,25,ENERGY-DIET,,8.4,2.29,0.2726190476,27.26190476,0,0,113,DEC2014,1
1,25,ENERGY-DIET,,6,2.29,0.3816666667,38.16666667,0,0,114,DEC2014,1
1,25,SODA,,144,5.99,0.04159722222,4.159722222,1,1,117,DEC2014,1
1,25,MILK,WHOLE MILK,64,5.49,0.08578125,8.578125,0,0,146,DEC2014,0
1,25,JUICE DRINK,,48,5.99,0.1247916667,12.47916667,1,1,149,DEC2014,0
1,25,SODA,,12.5,1.69,0.1352,13.52,1,0,153,DEC2014,1
1,25,JUICE,,15.2,1.89,0.1243421053,12.43421053,0,0,160,DEC2014,0
1,25,SODA,,144,5.99,0.04159722222,4.159722222,1,1,163,DEC2014,0
1,25,SODA,,33.8,1.99,0.05887573964,5.887573964,1,0,170,DEC2014,0
1,25,SODA,,20,1.89,0.0945,9.45,1,0,172,DEC2014,0
1,25,SODA,,144,5.99,0.04159722222,4.159722222,1,1,181,DEC2014,0
1,25,SODA,,20,1.89,0.0945,9.45,1,0,189,DEC2014,1
1,25,SODA,,67.6,1.99,0.02943786982,2.943786982,1,0,190,DEC2014,1
1,25,ENERGY,,8.4,2.29,0.2726190476,27.26190476,1,0,193,DEC2014,1
1,25,ENERGY,,6,2.29,0.3816666667,38.16666667,1,0,195,DEC2014,1
1,25,TEA,,6,2.99,0.4983333333,49.83333333,1,0,196,DEC2014,1
1,25,TEA,,6,1.69,0.2816666667,28.16666667,1,0,207,DEC2014,0
1,25,SODA,,67.6,2.19,0.0323964497,3.23964497,1,0,215,DEC2014,1
1,25,SODA,,20,1.89,0.0945,9.45,1,0,219,DEC2014,1
1,25,JUICE,COCONUT WATER,16.9,2.99,0.1769230769,17.69230769,0,0,232,DEC2014,1
2,1,WATER,,33.8,1.5,0.04437869822,4.437869822,0,0,38,DEC2014,0
2,1,SODA,,12,1,0.08333333333,8.333333333,1,0,58,DEC2014,1
2,1,WATER,,33.8,1.5,0.04437869822,4.437869822,0,0,76,DEC2014,1
2,1,WATER,,23.6,1.5,0.06355932203,6.355932203,0,0,77,DEC2014,0
2,1,SODA-DIET,,12,1,0.08333333333,8.333333333,0,0,104,DEC2014,1
2,1,SODA-DIET,,12,1,0.08333333333,8.333333333,0,0,106,DEC2014,1
2,1,SODA-DIET,,20,1,0.05,5,0,0,112,DEC2014,1
2,1,SODA,,12,1,0.08333333333,8.333333333,1,0,126,DEC2014,1
2,1,SODA,,12,1,0.08333333333,8.333333333,1,0,171,DEC2014,0
2,1,SODA,,12,1,0.08333333333,8.333333333,1,0,188,DEC2014,1
2,1,ENERGY,,8.4,2.6,0.3095238095,30.95238095,1,0,193,DEC2014,0
2,1,SODA,,12,1,0.08333333333,8.333333333,1,0,213,DEC2014,0
2,1,JUICE,COCONUT WATER,16.9,3.39,0.200591716,20.0591716,0,0,232,DEC2014,1
1,24,TEA,,23,0.99,0.04304347826,4.304347826,1,0,32,DEC2014,0
1,24,TEA,,23,0.99,0.04304347826,4.304347826,1,0,33,DEC2014,0
1,24,MILK,LOW FAT MILK,128,4.99,0.038984375,3.8984375,0,0,40,DEC2014,1
1,24,MILK,LOW FAT MILK,64,2.99,0.04671875,4.671875,0,0,41,DEC2014,1
1,24,MILK,WHOLE MILK,128,4.99,0.038984375,3.8984375,0,0,42,DEC2014,1
1,24,MILK,WHOLE MILK,64,2.99,0.04671875,4.671875,0,0,43,DEC2014,1
1,24,JUICE,,63.9,3.49,0.05461658842,5.461658842,0,0,44,DEC2014,0
1,24,JUICE DRINK,,60,3.99,0.0665,6.65,1,1,5,DEC2014,1
1,24,SODA,,144,7.19,0.04993055556,4.993055556,1,1,50,DEC2014,0
1,24,SODA-DIET,,67.6,1.99,0.02943786982,2.943786982,0,0,57,DEC2014,1
1,24,SODA,,20,1.49,0.0745,7.45,1,0,59,DEC2014,1
1,24,SODA,,67.6,1.99,0.02943786982,2.943786982,1,0,60,DEC2014,1
1,24,SODA-DIET,,144,7.19,0.04993055556,4.993055556,0,1,81,DEC2014,0
1,24,SODA-DIET,,67.6,1.99,0.02943786982,2.943786982,0,0,97,DEC2014,1
1,24,SODA-DIET,,20,1.49,0.0745,7.45,0,0,105,DEC2014,1
1,24,ENERGY-DIET,,8.4,2.29,0.2726190476,27.26190476,0,0,113,DEC2014,1
1,24,ENERGY-DIET,,6,1.99,0.3316666667,33.16666667,0,0,114,DEC2014,0
1,24,MILK,WHOLE MILK,64,4.99,0.07796875,7.796875,0,0,146,DEC2014,1
1,24,ENERGY,,6,1.99,0.3316666667,33.16666667,1,0,162,DEC2014,1
1,24,ENERGY,,8.4,2.29,0.2726190476,27.26190476,1,0,193,DEC2014,1
1,24,ENERGY,,6,1.99,0.3316666667,33.16666667,1,0,195,DEC2014,0
1,24,TEA,,6,3.59,0.5983333333,59.83333333,1,0,196,DEC2014,1
1,24,TEA-DIET,,6,1.49,0.2483333333,24.83333333,0,0,206,DEC2014,1
1,24,TEA,,6,1.49,0.2483333333,24.83333333,1,0,207,DEC2014,1
1,24,SODA,,144,7.19,0.04993055556,4.993055556,1,1,16,DEC2014,1
1,24,SODA,,20,1.49,0.0745,7.45,1,0,214,DEC2014,1
1,24,SODA,,67.6,1.99,0.02943786982,2.943786982,1,0,215,DEC2014,1
1,24,SODA,,20,0.99,0.0495,4.95,1,0,219,DEC2014,1
1,24,JUICE,COCONUT WATER,16.9,2.69,0.1591715976,15.91715976,0,0,232,DEC2014,1
2,12,JUICE,,18,2.49,0.1383333333,13.83333333,0,1,3,DEC2014,0
2,12,MILK,LOW FAT MILK,128,7.49,0.058515625,5.8515625,0,1,6,DEC2014,0
2,12,MILK,WHOLE MILK,128,7.49,0.058515625,5.8515625,0,1,8,DEC2014,0
2,12,JUICE,,62.37,8.49,0.1361231361,13.61231361,0,1,62,DEC2014,0
2,12,WATER,,33.8,0.99,0.02928994083,2.928994083,0,0,76,DEC2014,0
2,12,JUICE,,12.5,2.69,0.2152,21.52,0,1,155,DEC2014,0
2,12,JUICE,,15.2,3.29,0.2164473684,21.64473684,0,1,175,DEC2014,0
2,12,TEA,,6,2.99,0.4983333333,49.83333333,1,0,196,DEC2014,1
2,12,TEA,,16,1.59,0.099375,9.9375,1,1,223,DEC2014,1
2,12,JUICE,COCONUT WATER,11.1,2.29,0.2063063063,20.63063063,0,1,234,DEC2014,1
3,15,WATER,,33.8,2.09,0.06183431953,6.183431953,0,0,29,DEC2014,0
3,15,TEA,,23,0.99,0.04304347826,4.304347826,1,0,32,DEC2014,0
3,15,TEA,,23,0.99,0.04304347826,4.304347826,1,0,33,DEC2014,0
3,15,WATER,,33.8,1.87,0.05532544379,5.532544379,0,0,38,DEC2014,0
3,15,JUICE DRINK,,60,4.39,0.07316666667,7.316666667,1,1,5,DEC2014,0
3,15,SODA,,144,6.49,0.04506944444,4.506944444,1,1,50,DEC2014,0
3,15,SODA-DIET,,67.6,2.09,0.03091715976,3.091715976,0,0,57,DEC2014,1
3,15,SODA,,20,1.89,0.0945,9.45,1,0,59,DEC2014,1
3,15,SODA,,67.6,2.09,0.03091715976,3.091715976,1,0,60,DEC2014,1
3,15,MILK,LOW FAT MILK,128,3.79,0.029609375,2.9609375,0,1,63,DEC2014,0
3,15,MILK,LOW FAT MILK,64,2.49,0.03890625,3.890625,0,1,64,DEC2014,0
3,15,WATER,,128,1.27,0.009921875,0.9921875,0,1,65,DEC2014,0
3,15,JUICE,,62.37,3.79,0.0607663941,6.07663941,0,1,73,DEC2014,0
3,15,MILK,WHOLE MILK,128,3.79,0.029609375,2.9609375,0,1,74,DEC2014,0
3,15,MILK,WHOLE MILK,64,2.49,0.03890625,3.890625,0,1,75,DEC2014,0
3,15,WATER,,20,1.67,0.0835,8.35,0,0,79,DEC2014,1
3,15,SODA-DIET,,144,6.49,0.04506944444,4.506944444,0,1,81,DEC2014,1
3,15,SODA-DIET,,144,5,0.03472222222,3.472222222,0,1,85,DEC2014,1
3,15,SODA-DIET,,144,6.49,0.04506944444,4.506944444,0,1,91,DEC2014,1
3,15,SODA-DIET,,67.6,2.09,0.03091715976,3.091715976,0,0,97,DEC2014,1
3,15,SODA-DIET,,67.6,2.09,0.03091715976,3.091715976,0,0,100,DEC2014,1
3,15,SODA-DIET,,20,1.89,0.0945,9.45,0,0,105,DEC2014,0
3,15,SODA-DIET,,20,1.89,0.0945,9.45,0,0,110,DEC2014,1
3,15,ENERGY-DIET,,8.4,2.49,0.2964285714,29.64285714,0,0,113,DEC2014,0
3,15,ENERGY-DIET,,6,1.99,0.3316666667,33.16666667,0,0,114,DEC2014,1
3,15,SODA,,144,5,0.03472222222,3.472222222,1,1,117,DEC2014,1
3,15,SODA,,66,2.09,0.03166666667,3.166666667,1,1,129,DEC2014,0
3,15,SODA,,20,1.89,0.0945,9.45,1,1,130,DEC2014,0
3,15,SPORT,,32,2.49,0.0778125,7.78125,1,1,137,DEC2014,0
3,15,JUICE,,15.2,1.99,0.1309210526,13.09210526,0,0,160,DEC2014,1
3,15,ENERGY,,6,2.57,0.4283333333,42.83333333,1,0,162,DEC2014,1
3,15,SODA,,20,1.89,0.0945,9.45,1,0,172,DEC2014,1
3,15,SODA,,144,6.49,0.04506944444,4.506944444,1,1,181,DEC2014,1
3,15,SODA,,20,1.89,0.0945,9.45,1,0,189,DEC2014,1
3,15,SODA,,67.6,2.09,0.03091715976,3.091715976,1,0,190,DEC2014,1
3,15,ENERGY,,8.4,2.49,0.2964285714,29.64285714,1,0,193,DEC2014,0
3,15,ENERGY,,6,1.99,0.3316666667,33.16666667,1,0,195,DEC2014,1
3,15,TEA,,6,1.87,0.3116666667,31.16666667,1,0,207,DEC2014,0
3,15,SODA,,144,6.49,0.04506944444,4.506944444,1,1,16,DEC2014,0
3,15,SODA-DIET,,20,1.89,0.0945,9.45,0,1,209,DEC2014,0
3,15,SODA,,20,1.89,0.0945,9.45,1,0,214,DEC2014,0
3,15,SODA,,67.6,2.09,0.03091715976,3.091715976,1,0,215,DEC2014,1
3,15,SODA,,20,1.89,0.0945,9.45,1,0,219,DEC2014,0
3,15,JUICE,,12,1.79,0.1491666667,14.91666667,0,0,230,DEC2014,1
3,15,JUICE,COCONUT WATER,16.9,3.19,0.1887573964,18.87573964,0,0,232,DEC2014,1
4,19,WATER,,16.9,1,0.05917159763,5.917159763,0,1,36,DEC2014,0
4,19,SODA,,16.9,1.75,0.1035502959,10.35502959,1,1,48,DEC2014,0
4,19,SODA,,12,0.9,0.075,7.5,1,0,58,DEC2014,0
4,19,SODA-DIET,,16.9,1.75,0.1035502959,10.35502959,0,1,82,DEC2014,0
4,19,SODA-DIET,,12,0.9,0.075,7.5,0,0,104,DEC2014,0
4,19,ENERGY-DIET,,6,2.5,0.4166666667,41.66666667,0,0,108,DEC2014,1
4,19,ENERGY-DIET,,8.4,2.5,0.2976190476,29.76190476,0,0,113,DEC2014,1
4,19,ENERGY-DIET,,6,2.5,0.4166666667,41.66666667,0,0,114,DEC2014,1
4,19,ENERGY,,6,2.5,0.4166666667,41.66666667,1,0,162,DEC2014,1
4,19,ENERGY,,8.4,2.5,0.2976190476,29.76190476,1,0,193,DEC2014,1
4,19,ENERGY,,6,2.5,0.4166666667,41.66666667,1,0,195,DEC2014,1
4,19,TEA,,20,1.75,0.0875,8.75,1,1,204,DEC2014,1
4,19,SODA,,12,0.9,0.075,7.5,1,0,213,DEC2014,0
4,19,WATER-SWEET,,20,1.75,0.0875,8.75,1,1,235,DEC2014,0
2,14,TEA,,23,0.99,0.04304347826,4.304347826,1,0,33,DEC2014,0
2,14,MILK,LOW FAT MILK,64,3.29,0.05140625,5.140625,0,0,41,DEC2014,0
2,14,MILK,WHOLE MILK,128,5.29,0.041328125,4.1328125,0,0,42,DEC2014,0
2,14,JUICE,,63.9,5.59,0.08748043818,8.748043818,0,0,44,DEC2014,0
2,14,SODA-DIET,,67.6,2.39,0.03535502959,3.535502959,0,0,57,DEC2014,0
2,14,SODA,,12,0.99,0.0825,8.25,1,0,58,DEC2014,0
2,14,SODA,,20,1.69,0.0845,8.45,1,0,59,DEC2014,1
2,14,SODA,,67.6,2.39,0.03535502959,3.535502959,1,0,60,DEC2014,1
2,14,SODA-DIET,,20,1.69,0.0845,8.45,0,0,61,DEC2014,0
2,14,WATER,,23.6,0.99,0.04194915254,4.194915254,0,0,77,DEC2014,0
2,14,SODA-DIET,,67.6,2.39,0.03535502959,3.535502959,0,0,97,DEC2014,1
2,14,SODA-DIET,,67.6,1.99,0.02943786982,2.943786982,0,0,98,DEC2014,0
2,14,SODA-DIET,,12,0.99,0.0825,8.25,0,0,104,DEC2014,0
2,14,SODA-DIET,,20,1.69,0.0845,8.45,0,0,105,DEC2014,1
2,14,ENERGY-DIET,,6,2.29,0.3816666667,38.16666667,0,0,108,DEC2014,0
2,14,SODA-DIET,,12,0.99,0.0825,8.25,0,0,111,DEC2014,0
2,14,SODA-DIET,,20,1.69,0.0845,8.45,0,0,112,DEC2014,0
2,14,ENERGY-DIET,,8.4,2.29,0.2726190476,27.26190476,0,0,113,DEC2014,0
2,14,ENERGY-DIET,,6,2.29,0.3816666667,38.16666667,0,0,114,DEC2014,0
2,14,SODA,,67.6,1.99,0.02943786982,2.943786982,1,0,125,DEC2014,0
2,14,SODA,,20,1.69,0.0845,8.45,1,1,130,DEC2014,0
2,14,JUICE,,15.2,1.74,0.1144736842,11.44736842,0,0,160,DEC2014,0
2,14,ENERGY,,6,2.29,0.3816666667,38.16666667,1,0,162,DEC2014,1
2,14,SODA,,20,1.69,0.0845,8.45,1,0,172,DEC2014,0
2,14,JUICE,COCONUT WATER,16.9,1.5,0.08875739645,8.875739645,0,1,179,DEC2014,0
2,14,SODA,,12,0.99,0.0825,8.25,1,0,188,DEC2014,0
2,14,SODA,,20,1.69,0.0845,8.45,1,0,189,DEC2014,0
2,14,ENERGY,,8.4,2.29,0.2726190476,27.26190476,1,0,193,DEC2014,0
2,14,ENERGY,,6,2.29,0.3816666667,38.16666667,1,0,195,DEC2014,1
2,14,TEA-DIET,,6,1.44,0.24,24,0,0,206,DEC2014,0
2,14,TEA,,6,1.44,0.24,24,1,0,207,DEC2014,0
2,14,SODA,,12,0.99,0.0825,8.25,1,0,213,DEC2014,1
2,14,SODA,,20,1.69,0.0845,8.45,1,0,214,DEC2014,0
2,14,SODA,,67.6,2.39,0.03535502959,3.535502959,1,0,215,DEC2014,1
2,14,SODA,,20,0.99,0.0495,4.95,1,0,219,DEC2014,1
2,14,JUICE,,12,1.59,0.1325,13.25,0,0,230,DEC2014,0
2,14,JUICE,,59,5.49,0.09305084746,9.305084746,0,0,231,DEC2014,0
2,22,TEA,,42,1,0.02380952381,2.380952381,1,1,31,DEC2014,0
2,22,JUICE,COCONUT WATER,16,1,0.0625,6.25,0,1,39,DEC2014,0
2,22,TEA,,24,1,0.04166666667,4.166666667,1,1,46,DEC2014,0
2,22,SODA,,16.9,1,0.05917159763,5.917159763,1,1,48,DEC2014,0
2,22,SODA-DIET,,20,1,0.05,5,0,0,61,DEC2014,0
2,22,WATER,,96,1,0.01041666667,1.041666667,0,1,68,DEC2014,0
2,22,MILK,UNKNOWN,20,1,0.05,5,0,1,78,DEC2014,0
2,22,SODA-DIET,,16.9,1,0.05917159763,5.917159763,0,1,82,DEC2014,0
2,22,SODA-DIET,,20,1,0.05,5,0,1,86,DEC2014,0
2,22,ENERGY-DIET,,16,1,0.0625,6.25,0,1,93,DEC2014,0
2,22,JUICE,,14,1,0.07142857143,7.142857143,0,1,116,DEC2014,0
2,22,SODA,,20,1,0.05,5,1,1,119,DEC2014,0
2,22,SODA,,48,1,0.02083333333,2.083333333,1,1,132,DEC2014,0
2,22,SODA,,6,1,0.1666666667,16.66666667,1,0,133,DEC2014,0
2,22,MILK,LOW FAT MILK,32,1,0.03125,3.125,0,1,141,DEC2014,0
2,22,SODA,,82.5,1,0.01212121212,1.212121212,1,1,167,DEC2014,0
2,22,SODA,,20,1,0.05,5,1,0,172,DEC2014,0
2,22,WATER,,33,1,0.0303030303,3.03030303,0,1,174,DEC2014,0
2,22,TEA,,23,1,0.04347826087,4.347826087,1,1,180,DEC2014,0
2,22,SODA,,20,1,0.05,5,1,0,189,DEC2014,0
2,22,SPORT-DIET,,24,1,0.04166666667,4.166666667,0,0,191,DEC2014,0
2,22,ENERGY,,16,1,0.0625,6.25,1,1,194,DEC2014,0
2,22,SODA,,82.5,1,0.01212121212,1.212121212,1,1,197,DEC2014,0
2,22,SODA,,48,1,0.02083333333,2.083333333,1,1,198,DEC2014,0
2,22,SODA,,82.5,1,0.01212121212,1.212121212,1,1,199,DEC2014,0
2,22,SODA,,82.5,1,0.01212121212,1.212121212,1,1,200,DEC2014,0
2,22,SODA,,48,1,0.02083333333,2.083333333,1,1,201,DEC2014,0
2,22,JUICE DRINK,,32,1,0.03125,3.125,1,1,216,DEC2014,0
2,22,JUICE DRINK,,40,1,0.025,2.5,1,1,221,DEC2014,0
2,23,WATER,,33.8,2,0.05917159763,5.917159763,0,0,38,DEC2014,0
2,23,JUICE DRINK,,6,0.65,0.1083333333,10.83333333,1,0,47,DEC2014,1
2,23,SODA,,12,1,0.08333333333,8.333333333,1,0,58,DEC2014,1
2,23,SODA,,20,2,0.1,10,1,0,59,DEC2014,1
2,23,SODA-DIET,,20,2,0.1,10,0,0,61,DEC2014,1
2,23,WATER,,33.8,1.49,0.04408284024,4.408284024,0,0,76,DEC2014,0
2,23,SODA-DIET,,67.6,2.5,0.03698224852,3.698224852,0,0,98,DEC2014,0
2,23,SODA-DIET,,67.6,2.99,0.04423076923,4.423076923,0,0,100,DEC2014,1
2,23,SODA-DIET,,12,1,0.08333333333,8.333333333,0,0,104,DEC2014,1
2,23,SODA-DIET,,20,2,0.1,10,0,0,105,DEC2014,1
2,23,ENERGY-DIET,,6,2.5,0.4166666667,41.66666667,0,0,108,DEC2014,1
2,23,SODA-DIET,,20,2,0.1,10,0,0,110,DEC2014,0
2,23,SODA-DIET,,12,1,0.08333333333,8.333333333,0,0,111,DEC2014,0
2,23,SODA-DIET,,20,2,0.1,10,0,0,112,DEC2014,1
2,23,ENERGY-DIET,,8.4,2.5,0.2976190476,29.76190476,0,0,113,DEC2014,1
2,23,ENERGY-DIET,,6,2.5,0.4166666667,41.66666667,0,0,114,DEC2014,1
2,23,SODA,,12,1,0.08333333333,8.333333333,1,0,126,DEC2014,0
2,23,SPORT,,28,2,0.07142857143,7.142857143,1,0,140,DEC2014,1
2,23,ENERGY,,6,2.5,0.4166666667,41.66666667,1,0,162,DEC2014,1
2,23,SODA,,33.8,2.99,0.08846153846,8.846153846,1,0,170,DEC2014,1
2,23,SODA,,12,1,0.08333333333,8.333333333,1,0,171,DEC2014,1
2,23,SODA,,20,2,0.1,10,1,0,172,DEC2014,1
2,23,SODA,,12,1,0.08333333333,8.333333333,1,0,188,DEC2014,0
2,23,SODA,,20,2,0.1,10,1,0,189,DEC2014,1
2,23,SODA,,67.6,2.99,0.04423076923,4.423076923,1,0,190,DEC2014,1
2,23,ENERGY,,8.4,2.5,0.2976190476,29.76190476,1,0,193,DEC2014,1
2,23,ENERGY,,6,2.5,0.4166666667,41.66666667,1,0,195,DEC2014,1
2,23,TEA,,6,4.29,0.715,71.5,1,0,196,DEC2014,1
2,23,SODA,,12,1,0.08333333333,8.333333333,1,0,213,DEC2014,1
2,23,SODA,,20,2,0.1,10,1,0,214,DEC2014,1
2,23,SODA,,20,2,0.1,10,1,0,219,DEC2014,1
2,23,JUICE,COCONUT WATER,16.9,3.5,0.2071005917,20.71005917,0,0,232,DEC2014,0
4,4,WATER,,33.8,2.24,0.06627218935,6.627218935,0,0,29,DEC2014,0
4,4,TEA,,23,0.99,0.04304347826,4.304347826,1,0,32,DEC2014,1
4,4,TEA,,23,0.99,0.04304347826,4.304347826,1,0,33,DEC2014,1
4,4,MILK,WHOLE MILK,128,4.99,0.038984375,3.8984375,0,0,42,DEC2014,0
4,4,MILK,WHOLE MILK,64,3.49,0.05453125,5.453125,0,0,43,DEC2014,1
4,4,SODA,,12,0.89,0.07416666667,7.416666667,1,0,58,DEC2014,1
4,4,SODA,,20,1.69,0.0845,8.45,1,0,59,DEC2014,1
4,4,SODA,,67.6,2.98,0.04408284024,4.408284024,1,0,60,DEC2014,1
4,4,SODA-DIET,,20,1.69,0.0845,8.45,0,0,61,DEC2014,0
4,4,WATER,,33.8,1.74,0.05147928994,5.147928994,0,0,76,DEC2014,0
4,4,WATER,,23.6,1.44,0.06101694915,6.101694915,0,0,77,DEC2014,1
4,4,WATER,,20,1.54,0.077,7.7,0,0,79,DEC2014,1
4,4,SODA-DIET,,67.6,2.98,0.04408284024,4.408284024,0,0,97,DEC2014,1
4,4,SODA-DIET,,67.6,2.98,0.04408284024,4.408284024,0,0,100,DEC2014,0
4,4,SODA-DIET,,12,0.89,0.07416666667,7.416666667,0,0,104,DEC2014,0
4,4,SODA-DIET,,20,1.69,0.0845,8.45,0,0,105,DEC2014,1
4,4,ENERGY-DIET,,6,2.49,0.415,41.5,0,0,108,DEC2014,0
4,4,SODA-DIET,,20,1.69,0.0845,8.45,0,0,110,DEC2014,0
4,4,SODA-DIET,,20,1.69,0.0845,8.45,0,0,112,DEC2014,0
4,4,ENERGY-DIET,,8.4,2.29,0.2726190476,27.26190476,0,0,113,DEC2014,0
4,4,ENERGY-DIET,,6,2.49,0.415,41.5,0,0,114,DEC2014,0
4,4,SODA,,6,1.29,0.215,21.5,1,0,133,DEC2014,0
4,4,SPORT,,28,2.39,0.08535714286,8.535714286,1,0,140,DEC2014,1
4,4,JUICE,,15.2,2.29,0.1506578947,15.06578947,0,0,160,DEC2014,1
4,4,ENERGY,,6,2.49,0.415,41.5,1,0,162,DEC2014,1
4,4,SODA,,20,1.69,0.0845,8.45,1,0,172,DEC2014,1
4,4,SODA,,20,1.69,0.0845,8.45,1,0,189,DEC2014,1
4,4,SODA,,67.6,2.98,0.04408284024,4.408284024,1,0,190,DEC2014,1
4,4,ENERGY,,8.4,2.29,0.2726190476,27.26190476,1,0,193,DEC2014,1
4,4,ENERGY,,6,2.49,0.415,41.5,1,0,195,DEC2014,1
4,4,TEA,,6,1.64,0.2733333333,27.33333333,1,0,207,DEC2014,0
4,4,SODA,,12,1.69,0.1408333333,14.08333333,1,0,213,DEC2014,0
4,4,SODA,,20,2.98,0.149,14.9,1,0,214,DEC2014,1
4,4,SODA,,20,0.99,0.0495,4.95,1,0,219,DEC2014,0
4,4,JUICE DRINK,,16,1.54,0.09625,9.625,1,1,220,DEC2014,0
4,4,JUICE,COCONUT WATER,16.9,2.94,0.173964497,17.3964497,0,0,232,DEC2014,1
2,17,TEA,,23,0.99,0.04304347826,4.304347826,1,0,32,DEC2014,0
2,17,TEA,,23,1.15,0.05,5,1,0,33,DEC2014,0
2,17,MILK,LOW FAT MILK,128,5.49,0.042890625,4.2890625,0,0,40,DEC2014,1
2,17,MILK,LOW FAT MILK,64,3.49,0.05453125,5.453125,0,0,41,DEC2014,1
2,17,MILK,WHOLE MILK,128,5.49,0.042890625,4.2890625,0,0,42,DEC2014,1
2,17,MILK,WHOLE MILK,64,3.49,0.05453125,5.453125,0,0,43,DEC2014,1
2,17,JUICE,,63.9,1.99,0.03114241002,3.114241002,0,0,44,DEC2014,0
2,17,JUICE DRINK,,6,0.5,0.08333333333,8.333333333,1,0,47,DEC2014,0
2,17,SODA,,20,1.99,0.0995,9.95,1,0,59,DEC2014,0
2,17,SODA,,67.6,2.99,0.04423076923,4.423076923,1,0,60,DEC2014,0
2,17,WATER,,33.8,2.5,0.07396449704,7.396449704,0,0,76,DEC2014,0
2,17,WATER,,23.6,1.99,0.0843220339,8.43220339,0,0,77,DEC2014,0
2,17,SODA-DIET,,67.6,2.99,0.04423076923,4.423076923,0,0,97,DEC2014,0
2,17,TEA-DIET,,23,1.15,0.05,5,0,0,103,DEC2014,0
2,17,SODA-DIET,,12,0.99,0.0825,8.25,0,0,104,DEC2014,1
2,17,SODA-DIET,,20,1.99,0.0995,9.95,0,0,105,DEC2014,0
2,17,ENERGY-DIET,,6,2.5,0.4166666667,41.66666667,0,0,108,DEC2014,0
2,17,ENERGY-DIET,,8.4,2.29,0.2726190476,27.26190476,0,0,113,DEC2014,1
2,17,ENERGY-DIET,,6,2.5,0.4166666667,41.66666667,0,0,114,DEC2014,0
2,17,SPORT,,28,2.99,0.1067857143,10.67857143,1,0,140,DEC2014,0
2,17,MILK,LOW FAT MILK,64,4.75,0.07421875,7.421875,0,0,144,DEC2014,0
2,17,MILK,WHOLE MILK,64,5.49,0.08578125,8.578125,0,0,146,DEC2014,0
2,17,SODA,,12.5,1.99,0.1592,15.92,1,0,153,DEC2014,0
2,17,ENERGY,,6,2.5,0.4166666667,41.66666667,1,0,162,DEC2014,0
2,17,SODA,,33.8,1.25,0.03698224852,3.698224852,1,0,170,DEC2014,0
2,17,SODA,,12,0.99,0.0825,8.25,1,0,171,DEC2014,0
2,17,SODA,,20,1.99,0.0995,9.95,1,0,172,DEC2014,1
2,17,SODA,,12,0.99,0.0825,8.25,1,0,188,DEC2014,1
2,17,SODA,,20,1.99,0.0995,9.95,1,0,189,DEC2014,0
2,17,ENERGY,,8.4,2.29,0.2726190476,27.26190476,1,0,193,DEC2014,1
2,17,ENERGY,,6,2.5,0.4166666667,41.66666667,1,0,195,DEC2014,1
2,17,TEA,,6,3.99,0.665,66.5,1,0,196,DEC2014,0
2,17,TEA-DIET,,6,2.25,0.375,37.5,0,0,206,DEC2014,0
2,17,TEA,,6,2.25,0.375,37.5,1,0,207,DEC2014,0
2,17,SODA,,67.6,2.99,0.04423076923,4.423076923,1,0,215,DEC2014,0
2,17,SODA,,20,0.99,0.0495,4.95,1,0,219,DEC2014,1
2,17,JUICE,,59,4.99,0.08457627119,8.457627119,0,0,231,DEC2014,0
2,17,JUICE,COCONUT WATER,16.9,2.99,0.1769230769,17.69230769,0,0,232,DEC2014,0
1,13,WATER,,20,0.99,0.0495,4.95,0,1,28,DEC2014,1
1,13,SODA,,72,1.99,0.02763888889,2.763888889,1,1,10,DEC2014,1
1,13,SODA,,20,1.29,0.0645,6.45,1,0,59,DEC2014,1
1,13,SODA,,67.6,1.29,0.01908284024,1.908284024,1,0,60,DEC2014,0
1,13,MILK,UNKNOWN,128,3.29,0.025703125,2.5703125,0,1,71,DEC2014,0
1,13,MILK,,64,2.29,0.03578125,3.578125,0,1,72,DEC2014,0
1,13,WATER,,33.8,0.99,0.02928994083,2.928994083,0,0,76,DEC2014,0
1,13,WATER,,20,1.29,0.0645,6.45,0,0,79,DEC2014,0
1,13,SODA-DIET,,72,1.99,0.02763888889,2.763888889,0,1,83,DEC2014,0
1,13,SODA-DIET,,72,1.99,0.02763888889,2.763888889,0,1,87,DEC2014,0
1,13,SODA-DIET,,72,1.99,0.02763888889,2.763888889,0,1,92,DEC2014,0
1,13,SODA-DIET,,67.6,1.29,0.01908284024,1.908284024,0,0,97,DEC2014,0
1,13,ENERGY-DIET,,6,1.49,0.2483333333,24.83333333,0,0,108,DEC2014,0
1,13,SODA,,72,1.99,0.02763888889,2.763888889,1,1,120,DEC2014,0
1,13,SODA,,20,1.29,0.0645,6.45,1,1,130,DEC2014,0
1,13,JUICE DRINK,,20,1.29,0.0645,6.45,1,1,158,DEC2014,0
1,13,ENERGY,,144,8.99,0.06243055556,6.243055556,1,1,161,DEC2014,0
1,13,SODA,,72,1.99,0.02763888889,2.763888889,1,1,164,DEC2014,0
1,13,SODA,,20,1.09,0.0545,5.45,1,0,172,DEC2014,0
1,13,JUICE,COCONUT WATER,16.9,0.99,0.05857988166,5.857988166,0,1,179,DEC2014,0
1,13,SODA,,72,1.99,0.02763888889,2.763888889,1,1,182,DEC2014,0
1,13,SODA,,72,1.99,0.02763888889,2.763888889,1,1,208,DEC2014,0
1,13,SODA,,20,1.29,0.0645,6.45,1,0,214,DEC2014,1
1,13,SODA,,67.6,1.29,0.01908284024,1.908284024,1,0,215,DEC2014,0
1,13,SODA,,12,1.99,0.1658333333,16.58333333,1,1,217,DEC2014,0
1,13,SODA,,66,1.99,0.03015151515,3.015151515,1,1,218,DEC2014,0
2,9,TEA,,20,1,0.05,5,1,1,30,DEC2014,0
2,9,MILK,WHOLE MILK,128,3.99,0.031171875,3.1171875,0,0,42,DEC2014,1
2,9,MILK,WHOLE MILK,64,2.99,0.04671875,4.671875,0,0,43,DEC2014,1
2,9,JUICE,,63.9,3.99,0.06244131455,6.244131455,0,0,44,DEC2014,0
2,9,JUICE DRINK,,6,0.5,0.08333333333,8.333333333,1,0,47,DEC2014,0
2,9,SODA,,12,0.75,0.0625,6.25,1,0,58,DEC2014,1
2,9,SODA,,20,1.69,0.0845,8.45,1,0,59,DEC2014,1
2,9,SODA,,67.6,2.25,0.03328402367,3.328402367,1,0,60,DEC2014,1
2,9,WATER,,33.8,1.49,0.04408284024,4.408284024,0,0,76,DEC2014,0
2,9,SODA-DIET,,12,0.75,0.0625,6.25,0,0,104,DEC2014,1
2,9,SODA-DIET,,20,1.69,0.0845,8.45,0,0,105,DEC2014,1
2,9,SODA-DIET,,20,1.69,0.0845,8.45,0,0,112,DEC2014,0
2,9,ENERGY-DIET,,8.4,2.49,0.2964285714,29.64285714,0,0,113,DEC2014,0
2,9,ENERGY-DIET,,6,2.5,0.4166666667,41.66666667,0,0,114,DEC2014,1
2,9,SODA,,12,0.75,0.0625,6.25,1,0,126,DEC2014,0
2,9,SPORT,,28,1.99,0.07107142857,7.107142857,1,0,140,DEC2014,1
2,9,SODA,,12,1.99,0.1658333333,16.58333333,1,1,15,DEC2014,0
2,9,ENERGY,,6,2.5,0.4166666667,41.66666667,1,0,162,DEC2014,1
2,9,SODA,,20,1.69,0.0845,8.45,1,0,172,DEC2014,1
2,9,SODA,,12,0.75,0.0625,6.25,1,0,188,DEC2014,1
2,9,SODA,,20,1.69,0.0845,8.45,1,0,189,DEC2014,1
2,9,SODA,,67.6,2.25,0.03328402367,3.328402367,1,0,190,DEC2014,0
2,9,ENERGY,,8.4,2.49,0.2964285714,29.64285714,1,0,193,DEC2014,1
2,9,ENERGY,,6,2.5,0.4166666667,41.66666667,1,0,195,DEC2014,1
2,9,TEA,,6,1.99,0.3316666667,33.16666667,1,0,207,DEC2014,0
2,9,SODA,,12,0.75,0.0625,6.25,1,0,213,DEC2014,1
2,9,SODA,,67.6,2.25,0.03328402367,3.328402367,1,0,215,DEC2014,1
2,9,SODA,,20,0.99,0.0495,4.95,1,0,219,DEC2014,1
2,9,JUICE DRINK,,16,1.49,0.093125,9.3125,1,1,220,DEC2014,1
2,9,JUICE,COCONUT WATER,16.9,2.99,0.1769230769,17.69230769,0,0,232,DEC2014,1
2,9,ENERGY,,16,1,0.0625,6.25,1,1,233,DEC2014,1
2,5,WATER,,33.8,1.69,0.05,5,0,0,29,DEC2014,0
2,5,TEA,,23,0.99,0.04304347826,4.304347826,1,0,32,DEC2014,1
2,5,TEA,,23,0.99,0.04304347826,4.304347826,1,0,33,DEC2014,0
2,5,MILK,LOW FAT MILK,128,4.49,0.035078125,3.5078125,0,0,40,DEC2014,0
2,5,MILK,LOW FAT MILK,64,3.29,0.05140625,5.140625,0,0,41,DEC2014,0
2,5,MILK,WHOLE MILK,128,4.49,0.035078125,3.5078125,0,0,42,DEC2014,1
2,5,MILK,WHOLE MILK,64,3.29,0.05140625,5.140625,0,0,43,DEC2014,1
2,5,JUICE,,63.9,4.89,0.0765258216,7.65258216,0,0,44,DEC2014,0
2,5,SODA-DIET,,67.6,2.29,0.03387573964,3.387573964,0,0,57,DEC2014,0
2,5,SODA,,12,0.79,0.06583333333,6.583333333,1,0,58,DEC2014,1
2,5,SODA,,20,1.59,0.0795,7.95,1,0,59,DEC2014,1
2,5,SODA,,67.6,2.29,0.03387573964,3.387573964,1,0,60,DEC2014,0
2,5,SODA-DIET,,20,1.59,0.0795,7.95,0,0,61,DEC2014,0
2,5,SODA-DIET,,67.6,2.29,0.03387573964,3.387573964,0,0,97,DEC2014,1
2,5,SODA-DIET,,20,1.59,0.0795,7.95,0,0,105,DEC2014,1
2,5,SODA-DIET,,6,1.59,0.265,26.5,0,0,107,DEC2014,0
2,5,ENERGY-DIET,,8.4,2.29,0.2726190476,27.26190476,0,0,113,DEC2014,1
2,5,ENERGY-DIET,,6,2.99,0.4983333333,49.83333333,0,0,114,DEC2014,0
2,5,SODA,,6,1.59,0.265,26.5,1,0,133,DEC2014,0
2,5,SPORT,,28,1.99,0.07107142857,7.107142857,1,0,140,DEC2014,1
2,5,SODA,,12.5,0.39,0.0312,3.12,1,0,153,DEC2014,1
2,5,JUICE,,15.2,1.89,0.1243421053,12.43421053,0,0,160,DEC2014,0
2,5,SODA,,12,0.79,0.06583333333,6.583333333,1,0,171,DEC2014,0
2,5,ENERGY,,8.4,2.29,0.2726190476,27.26190476,1,0,193,DEC2014,1
2,5,ENERGY,,6,2.99,0.4983333333,49.83333333,1,0,195,DEC2014,0
2,5,TEA,,6,1.59,0.265,26.5,1,0,207,DEC2014,0
2,5,SODA,,12,0.79,0.06583333333,6.583333333,1,0,213,DEC2014,0
2,5,SODA,,20,1.59,0.0795,7.95,1,0,214,DEC2014,1
2,5,SODA,,67.6,2.29,0.03387573964,3.387573964,1,0,215,DEC2014,0
2,5,SODA,,20,0.99,0.0495,4.95,1,0,219,DEC2014,0
2,5,JUICE,,59,5.49,0.09305084746,9.305084746,0,0,231,DEC2014,0
2,5,JUICE,COCONUT WATER,16.9,2.29,0.1355029586,13.55029586,0,0,232,DEC2014,0
2,26,TEA,,23,0.99,0.04304347826,4.304347826,1,0,33,DEC2014,0
2,26,MILK,LOW FAT MILK,128,4.49,0.035078125,3.5078125,0,0,40,DEC2014,0
2,26,MILK,LOW FAT MILK,64,2.89,0.04515625,4.515625,0,0,41,DEC2014,0
2,26,MILK,WHOLE MILK,128,4.49,0.035078125,3.5078125,0,0,42,DEC2014,1
2,26,MILK,WHOLE MILK,64,2.89,0.04515625,4.515625,0,0,43,DEC2014,1
2,26,JUICE,,63.9,4.99,0.07809076682,7.809076682,0,0,44,DEC2014,0
2,26,JUICE DRINK,,60,4.29,0.0715,7.15,1,1,5,DEC2014,0
2,26,SODA,,240,7.99,0.03329166667,3.329166667,1,1,13,DEC2014,0
2,26,SODA,,20,1.59,0.0795,7.95,1,0,59,DEC2014,0
2,26,SODA,,67.6,2.38,0.03520710059,3.520710059,1,0,60,DEC2014,1
2,26,SODA-DIET,,20,1.59,0.0795,7.95,0,0,61,DEC2014,0
2,26,SODA-DIET,,67.6,2.38,0.03520710059,3.520710059,0,0,97,DEC2014,1
2,26,SODA-DIET,,67.6,2.38,0.03520710059,3.520710059,0,0,100,DEC2014,0
2,26,SODA-DIET,,20,1.59,0.0795,7.95,0,0,105,DEC2014,0
2,26,ENERGY-DIET,,6,2.29,0.3816666667,38.16666667,0,0,108,DEC2014,1
2,26,ENERGY-DIET,,8.4,1.99,0.2369047619,23.69047619,0,0,113,DEC2014,1
2,26,ENERGY-DIET,,6,2.29,0.3816666667,38.16666667,0,0,114,DEC2014,0
2,26,JUICE,COCONUT WATER,16.5,1.29,0.07818181818,7.818181818,0,1,14,DEC2014,0
2,26,MILK,LOW FAT MILK,128,6.99,0.054609375,5.4609375,0,0,143,DEC2014,0
2,26,MILK,LOW FAT MILK,64,4.99,0.07796875,7.796875,0,0,144,DEC2014,0
2,26,MILK,WHOLE MILK,128,6.99,0.054609375,5.4609375,0,0,145,DEC2014,0
2,26,MILK,,64,4.99,0.07796875,7.796875,0,0,146,DEC2014,0
2,26,SODA,,12.5,1.69,0.1352,13.52,1,0,153,DEC2014,0
2,26,SODA,,67.6,2.38,0.03520710059,3.520710059,1,0,190,DEC2014,0
2,26,ENERGY,,8.4,1.99,0.2369047619,23.69047619,1,0,193,DEC2014,1
2,26,TEA,,6,3.59,0.5983333333,59.83333333,1,0,196,DEC2014,1
2,26,SODA,,240,7.99,0.03329166667,3.329166667,1,1,17,DEC2014,0
2,26,SODA,,20,1.59,0.0795,7.95,1,0,214,DEC2014,0
2,26,SODA,,67.6,2.38,0.03520710059,3.520710059,1,0,215,DEC2014,0
2,26,JUICE,,12,1.49,0.1241666667,12.41666667,0,0,230,DEC2014,0
2,26,JUICE,,59,6.49,0.11,11,0,0,231,DEC2014,0
2,7,SODA,,12,1,0.08333333333,8.333333333,1,0,58,DEC2014,1
2,7,SODA-DIET,,12,1,0.08333333333,8.333333333,0,0,111,DEC2014,0
2,7,SODA,,12,1,0.08333333333,8.333333333,1,0,188,DEC2014,1
2,7,SODA,,12,1,0.08333333333,8.333333333,1,0,213,DEC2014,0
2,18,JUICE,,9,1.29,0.1433333333,14.33333333,0,1,49,DEC2014,0
2,18,SODA,,12,0.75,0.0625,6.25,1,0,58,DEC2014,1
2,18,WATER,,16.9,0.79,0.04674556213,4.674556213,0,1,69,DEC2014,1
2,18,SODA-DIET,,12,0.75,0.0625,6.25,0,1,95,DEC2014,1
2,18,SODA,,12,0.75,0.0625,6.25,1,1,131,DEC2014,0
2,18,JUICE DRINK,,33,1.99,0.0603030303,6.03030303,1,1,136,DEC2014,0
2,18,JUICE,,10,0.79,0.079,7.9,0,1,156,DEC2014,0
2,18,JUICE DRINK,,11,1.29,0.1172727273,11.72727273,1,1,157,DEC2014,0
2,18,JUICE,COCONUT WATER,11,1.29,0.1172727273,11.72727273,0,1,173,DEC2014,0
2,18,ENERGY,,10,0.75,0.075,7.5,1,1,224,DEC2014,0
1,3,WATER,,33.8,1.69,0.05,5,0,0,29,DEC2014,1
1,3,TEA,,23,0.79,0.03434782609,3.434782609,1,0,32,DEC2014,1
1,3,TEA,,23,0.99,0.04304347826,4.304347826,1,0,33,DEC2014,1
1,3,WATER,,33.8,1.09,0.03224852071,3.224852071,0,0,38,DEC2014,0
1,3,MILK,WHOLE MILK,128,7.99,0.062421875,6.2421875,0,0,42,DEC2014,0
1,3,MILK,WHOLE MILK,64,5.99,0.09359375,9.359375,0,0,43,DEC2014,0
1,3,SODA,,144,5.99,0.04159722222,4.159722222,1,1,50,DEC2014,0
1,3,SODA-DIET,,67.6,1.99,0.02943786982,2.943786982,0,0,57,DEC2014,1
1,3,SODA,,20,1.29,0.0645,6.45,1,0,59,DEC2014,1
1,3,SODA,,67.6,1.99,0.02943786982,2.943786982,1,0,60,DEC2014,1
1,3,SODA-DIET,,20,1.89,0.0945,9.45,0,0,61,DEC2014,1
1,3,WATER,,198,3.49,0.01762626263,1.762626263,0,1,67,DEC2014,1
1,3,WATER,,20,1.89,0.0945,9.45,0,0,79,DEC2014,1
1,3,SODA-DIET,,144,5.99,0.04159722222,4.159722222,0,1,81,DEC2014,1
1,3,SODA-DIET,,144,5.99,0.04159722222,4.159722222,0,1,85,DEC2014,1
1,3,SODA-DIET,,144,5.99,0.04159722222,4.159722222,0,1,90,DEC2014,1
1,3,SODA-DIET,,144,5.99,0.04159722222,4.159722222,0,1,91,DEC2014,1
1,3,SODA-DIET,,67.6,1.99,0.02943786982,2.943786982,0,0,97,DEC2014,1
1,3,SODA-DIET,,67.6,1.99,0.02943786982,2.943786982,0,0,98,DEC2014,1
1,3,SODA-DIET,,67.6,1.99,0.02943786982,2.943786982,0,0,99,DEC2014,1
1,3,SODA-DIET,,67.6,1.99,0.02943786982,2.943786982,0,0,100,DEC2014,1
1,3,ENERGY-DIET,,6,2.29,0.3816666667,38.16666667,0,0,108,DEC2014,1
1,3,SODA-DIET,,20,1.79,0.0895,8.95,0,0,110,DEC2014,0
1,3,ENERGY-DIET,,8.4,2.19,0.2607142857,26.07142857,0,0,113,DEC2014,1
1,3,ENERGY-DIET,,6,2.29,0.3816666667,38.16666667,0,0,114,DEC2014,1
1,3,SODA,,144,5.99,0.04159722222,4.159722222,1,1,117,DEC2014,1
1,3,SODA,,67.6,1.99,0.02943786982,2.943786982,1,0,125,DEC2014,1
1,3,SODA,,66,1.99,0.03015151515,3.015151515,1,1,129,DEC2014,1
1,3,SODA,,20,1.89,0.0945,9.45,1,1,130,DEC2014,1
1,3,SPORT,,32,1.99,0.0621875,6.21875,1,1,137,DEC2014,1
1,3,ENERGY,,6,2.29,0.3816666667,38.16666667,1,0,162,DEC2014,1
1,3,SODA,,144,5.99,0.04159722222,4.159722222,1,1,163,DEC2014,1
1,3,SODA,,33.8,1.99,0.05887573964,5.887573964,1,0,170,DEC2014,1
1,3,SODA,,20,1.79,0.0895,8.95,1,0,172,DEC2014,0
1,3,SODA,,144,5.99,0.04159722222,4.159722222,1,1,181,DEC2014,0
1,3,SODA,,20,1.79,0.0895,8.95,1,0,189,DEC2014,1
1,3,SODA,,67.6,1.99,0.02943786982,2.943786982,1,0,190,DEC2014,1
1,3,SPORT-DIET,,24,1.39,0.05791666667,5.791666667,0,0,191,DEC2014,0
1,3,ENERGY,,8.4,2.19,0.2607142857,26.07142857,1,0,193,DEC2014,1
1,3,ENERGY,,6,2.29,0.3816666667,38.16666667,1,0,195,DEC2014,1
1,3,TEA,,6,2.99,0.4983333333,49.83333333,1,0,196,DEC2014,0
1,3,SODA,,144,5.99,0.04159722222,4.159722222,1,1,16,DEC2014,#N/A
1,3,SODA,,20,1.89,0.0945,9.45,1,0,214,DEC2014,1
1,3,SODA,,67.6,1.99,0.02943786982,2.943786982,1,0,215,DEC2014,1
1,3,SODA,,20,1.79,0.0895,8.95,1,0,219,DEC2014,1
1,3,JUICE,,12,1.79,0.1491666667,14.91666667,0,0,230,DEC2014,0
1,3,JUICE,,59,4.79,0.08118644068,8.118644068,0,0,231,DEC2014,1
1,3,JUICE,COCONUT WATER,16.9,2.29,0.1355029586,13.55029586,0,0,232,DEC2014,1
2,2,WATER,,33.8,2,0.05917159763,5.917159763,0,0,29,DEC2014,0
2,2,TEA,,23,0.99,0.04304347826,4.304347826,1,0,32,DEC2014,0
2,2,SODA,,12,1,0.08333333333,8.333333333,1,0,58,DEC2014,1
2,2,SODA,,20,2,0.1,10,1,0,59,DEC2014,1
2,2,SODA,,67.6,3,0.04437869822,4.437869822,1,0,60,DEC2014,1
2,2,SODA-DIET,,20,2,0.1,10,0,0,61,DEC2014,1
2,2,MILK,,64,3.99,0.06234375,6.234375,0,1,72,DEC2014,1
2,2,WATER,,20,1.25,0.0625,6.25,0,0,79,DEC2014,0
2,2,SODA-DIET,,67.6,3,0.04437869822,4.437869822,0,0,97,DEC2014,1
2,2,SODA-DIET,,12,1,0.08333333333,8.333333333,0,0,104,DEC2014,1
2,2,SODA-DIET,,20,2,0.1,10,0,0,105,DEC2014,1
2,2,SODA-DIET,,12,1,0.08333333333,8.333333333,0,0,106,DEC2014,0
2,2,ENERGY-DIET,,6,2.5,0.4166666667,41.66666667,0,0,108,DEC2014,1
2,2,SODA-DIET,,12,1,0.08333333333,8.333333333,0,0,111,DEC2014,1
2,2,SODA-DIET,,20,2,0.1,10,0,0,112,DEC2014,1
2,2,ENERGY-DIET,,8.4,2.5,0.2976190476,29.76190476,0,0,113,DEC2014,1
2,2,ENERGY-DIET,,6,2.5,0.4166666667,41.66666667,0,0,114,DEC2014,1
2,2,SODA,,12,1,0.08333333333,8.333333333,1,0,126,DEC2014,1
2,2,SODA,,20,2,0.1,10,1,1,130,DEC2014,1
2,2,SPORT,,28,2.5,0.08928571429,8.928571429,1,0,140,DEC2014,0
2,2,ENERGY,,6,2.5,0.4166666667,41.66666667,1,0,162,DEC2014,1
2,2,SODA,,12,1,0.08333333333,8.333333333,1,0,188,DEC2014,1
2,2,SODA,,20,2,0.1,10,1,0,189,DEC2014,1
2,2,SODA,,67.6,2.5,0.03698224852,3.698224852,1,0,190,DEC2014,0
2,2,ENERGY,,8.4,2.5,0.2976190476,29.76190476,1,0,193,DEC2014,1
2,2,ENERGY,,6,2.5,0.4166666667,41.66666667,1,0,195,DEC2014,1
2,2,SODA,,12,1,0.08333333333,8.333333333,1,0,213,DEC2014,1
2,2,SODA,,20,2,0.1,10,1,0,214,DEC2014,1
2,2,SODA,,67.6,3,0.04437869822,4.437869822,1,0,215,DEC2014,1
2,2,JUICE,,12,2.49,0.2075,20.75,0,0,230,DEC2014,0
2,2,JUICE,COCONUT WATER,16.9,3,0.1775147929,17.75147929,0,0,232,DEC2014,0
2,8,TEA,,23,0.99,0.04304347826,4.304347826,1,0,32,DEC2014,0
2,8,TEA,,23,0.99,0.04304347826,4.304347826,1,0,33,DEC2014,0
2,8,MILK,WHOLE MILK,64,3.25,0.05078125,5.078125,0,0,43,DEC2014,0
2,8,SODA,,12,0.69,0.0575,5.75,1,0,58,DEC2014,1
2,8,SODA,,20,1.38,0.069,6.9,1,0,59,DEC2014,0
2,8,SODA,,67.6,2.28,0.03372781065,3.372781065,1,0,60,DEC2014,1
2,8,WATER,,33.8,1.49,0.04408284024,4.408284024,0,0,76,DEC2014,0
2,8,WATER,,23.6,1.25,0.05296610169,5.296610169,0,0,77,DEC2014,0
2,8,SODA-DIET,,12,0.69,0.0575,5.75,0,0,104,DEC2014,1
2,8,SODA-DIET,,20,1.38,0.069,6.9,0,0,105,DEC2014,0
2,8,SODA-DIET,,12,1.38,0.115,11.5,0,0,109,DEC2014,0
2,8,SODA-DIET,,20,1.38,0.069,6.9,0,0,112,DEC2014,1
2,8,ENERGY-DIET,,8.4,2.28,0.2714285714,27.14285714,0,0,113,DEC2014,1
2,8,ENERGY-DIET,,6,2.28,0.38,38,0,0,114,DEC2014,0
2,8,SODA,,20,1.38,0.069,6.9,1,1,119,DEC2014,0
2,8,JUICE,,15.2,1.95,0.1282894737,12.82894737,0,0,160,DEC2014,0
2,8,ENERGY,,6,2.28,0.38,38,1,0,162,DEC2014,1
2,8,SODA,,12,0.69,0.0575,5.75,1,0,188,DEC2014,1
2,8,SODA,,67.6,2.24,0.03313609467,3.313609467,1,0,190,DEC2014,1
2,8,JUICE,COCONUT WATER,16.9,2.29,0.1355029586,13.55029586,0,1,192,DEC2014,1
2,8,ENERGY,,8.4,2.28,0.2714285714,27.14285714,1,0,193,DEC2014,1
2,8,ENERGY,,6,2.28,0.38,38,1,0,195,DEC2014,1
2,8,SODA,,20,1.38,0.069,6.9,1,0,214,DEC2014,0
2,8,SODA,,20,1.38,0.069,6.9,1,0,219,DEC2014,0
1,11,SODA-DIET,,12,0.55,0.04583333333,4.583333333,0,1,88,DEC2014,1
1,11,SODA-DIET,,72,3.29,0.04569444444,4.569444444,0,1,89,DEC2014,1
1,11,WATER,,128,2.99,0.023359375,2.3359375,0,1,127,DEC2014,1
1,11,WATER,,16.5,1.99,0.1206060606,12.06060606,0,1,128,DEC2014,1
1,11,SODA,,12,0.55,0.04583333333,4.583333333,1,1,147,DEC2014,1
1,11,SODA,,72,3.29,0.04569444444,4.569444444,1,1,148,DEC2014,1
1,11,WATER,,23.6,1.17,0.04957627119,4.957627119,0,1,168,DEC2014,1
1,11,WATER,,50,1.49,0.0298,2.98,0,1,169,DEC2014,1
1,11,SODA,,40,3.99,0.09975,9.975,1,1,176,DEC2014,1
1,11,SODA,,33,2.49,0.07545454545,7.545454545,1,1,177,DEC2014,1
1,11,JUICE,,64,4.99,0.07796875,7.796875,0,1,225,DEC2014,1
1,11,JUICE,,64,2.99,0.04671875,4.671875,0,1,228,DEC2014,1
1,11,TEA,,33.8,1.49,0.04408284024,4.408284024,1,1,19,DEC2014,1
1,11,JUICE,,16,1.99,0.124375,12.4375,0,1,229,DEC2014,1
1,11,MILK,WHOLE MILK,128,3.99,0.031171875,3.1171875,0,1,20,DEC2014,1
1,11,JUICE,COCONUT WATER,33,3.69,0.1118181818,11.18181818,0,1,239,DEC2014,1
1,11,JUICE,COCONUT WATER,11,1.29,0.1172727273,11.72727273,0,1,240,DEC2014,1
3,20,WATER,,33.8,2.29,0.06775147929,6.775147929,0,0,29,DEC2014,0
3,20,TEA,,23,0.99,0.04304347826,4.304347826,1,0,32,DEC2014,1
3,20,TEA,,23,0.99,0.04304347826,4.304347826,1,0,33,DEC2014,1
3,20,WATER,,23.7,1.59,0.06708860759,6.708860759,0,1,37,DEC2014,1
3,20,MILK,LOW FAT MILK,128,3.79,0.029609375,2.9609375,0,0,40,DEC2014,0
3,20,MILK,WHOLE MILK,128,3.79,0.029609375,2.9609375,0,0,42,DEC2014,0
3,20,MILK,WHOLE MILK,64,2.79,0.04359375,4.359375,0,0,43,DEC2014,1
3,20,JUICE DRINK,,60,3.79,0.06316666667,6.316666667,1,1,5,DEC2014,1
3,20,SODA,,144,5.99,0.04159722222,4.159722222,1,1,50,DEC2014,1
3,20,SODA-DIET,,67.6,2.19,0.0323964497,3.23964497,0,0,57,DEC2014,0
3,20,SODA,,20,1.79,0.0895,8.95,1,0,59,DEC2014,1
3,20,SODA,,67.6,2.19,0.0323964497,3.23964497,1,0,60,DEC2014,0
3,20,SODA-DIET,,20,1.79,0.0895,8.95,0,0,61,DEC2014,0
3,20,SODA-DIET,,144,5.99,0.04159722222,4.159722222,0,1,81,DEC2014,0
3,20,SODA-DIET,,144,5.99,0.04159722222,4.159722222,0,1,85,DEC2014,0
3,20,SODA-DIET,,144,5.99,0.04159722222,4.159722222,0,1,91,DEC2014,0
3,20,SODA-DIET,,67.6,2.19,0.0323964497,3.23964497,0,0,97,DEC2014,0
3,20,SODA-DIET,,67.6,2.19,0.0323964497,3.23964497,0,0,100,DEC2014,0
3,20,SODA-DIET,,20,1.99,0.0995,9.95,0,0,105,DEC2014,1
3,20,ENERGY-DIET,,6,1.99,0.3316666667,33.16666667,0,0,108,DEC2014,1
3,20,SODA-DIET,,20,1.99,0.0995,9.95,0,0,112,DEC2014,1
3,20,ENERGY-DIET,,8.4,2.19,0.2607142857,26.07142857,0,0,113,DEC2014,1
3,20,ENERGY-DIET,,6,2.49,0.415,41.5,0,0,114,DEC2014,1
3,20,SODA,,144,5.99,0.04159722222,4.159722222,1,1,117,DEC2014,1
3,20,SODA,,67.6,1.99,0.02943786982,2.943786982,1,0,125,DEC2014,0
3,20,MILK,WHOLE MILK,64,4.49,0.07015625,7.015625,0,0,146,DEC2014,1
3,20,ENERGY,,6,1.99,0.3316666667,33.16666667,1,0,162,DEC2014,1
3,20,SODA,,144,5.99,0.04159722222,4.159722222,1,1,163,DEC2014,1
3,20,SODA,,33.8,2.19,0.06479289941,6.479289941,1,0,170,DEC2014,0
3,20,SODA,,20,1.79,0.0895,8.95,1,0,172,DEC2014,1
3,20,SODA,,144,5.99,0.04159722222,4.159722222,1,1,181,DEC2014,1
3,20,SODA,,20,1.99,0.0995,9.95,1,0,189,DEC2014,1
3,20,SODA,,67.6,2.19,0.0323964497,3.23964497,1,0,190,DEC2014,0
3,20,ENERGY,,8.4,2.19,0.2607142857,26.07142857,1,0,193,DEC2014,1
3,20,ENERGY,,6,2.49,0.415,41.5,1,0,195,DEC2014,1
3,20,TEA,,6,3.99,0.665,66.5,1,0,196,DEC2014,1
3,20,SODA,,144,5.99,0.04159722222,4.159722222,1,1,16,DEC2014,1
3,20,SODA,,67.6,2.19,0.0323964497,3.23964497,1,0,215,DEC2014,0
3,20,SODA,,20,1.99,0.0995,9.95,1,0,219,DEC2014,1
3,20,JUICE,,12,1.79,0.1491666667,14.91666667,0,0,230,DEC2014,1
3,20,JUICE,COCONUT WATER,16.9,3.29,0.1946745562,19.46745562,0,0,232,DEC2014,1
3,20,JUICE,,62.37,4.99,0.08000641334,8.000641334,0,1,236,DEC2014,1
1,21,JUICE,COCONUT WATER,17.6,1.99,0.1130681818,11.30681818,0,1,22,DEC2014,0
1,21,SODA,,66,1.99,0.03015151515,3.015151515,1,1,23,DEC2014,0
1,21,SODA,,12,0.59,0.04916666667,4.916666667,1,1,24,DEC2014,0
1,21,MILK,,128,3.99,0.031171875,3.1171875,0,1,1,DEC2014,0
1,21,MILK,,64,3.49,0.05453125,5.453125,0,1,2,DEC2014,0
1,21,JUICE,,62.37,2.99,0.04793971461,4.793971461,0,1,25,DEC2014,0
1,21,JUICE,,27,2.99,0.1107407407,11.07407407,0,1,26,DEC2014,0
1,21,SODA,,12,0.59,0.04916666667,4.916666667,1,0,58,DEC2014,0
1,21,WATER,,23.6,0.69,0.02923728814,2.923728814,0,0,77,DEC2014,1
1,21,SODA-DIET,,12,1.19,0.09916666667,9.916666667,0,1,84,DEC2014,1
1,21,SODA,,12,0.59,0.04916666667,4.916666667,1,1,123,DEC2014,1
1,21,SODA-DIET,,12,1.19,0.09916666667,9.916666667,0,1,124,DEC2014,1
1,21,ENERGY,,12,2.79,0.2325,23.25,1,1,142,DEC2014,1
1,21,TEA-DIET,,16,1.59,0.099375,9.9375,0,1,150,DEC2014,1
1,21,TEA,,16,1.59,0.099375,9.9375,1,1,151,DEC2014,1
1,21,JUICE,,16,3.99,0.249375,24.9375,0,1,178,DEC2014,1
1,21,TEA,,6,2.99,0.4983333333,49.83333333,1,0,196,DEC2014,1
2,16,WATER,,33.8,1.79,0.05295857988,5.295857988,0,0,29,JUN2015,1
2,16,WATER,,33.8,1.79,0.05295857988,5.295857988,0,0,38,JUN2015,1
2,16,MILK,LOW FAT MILK,128,3.99,0.031171875,3.1171875,0,0,40,JUN2015,0
2,16,MILK,LOW FAT MILK,64,2.79,0.04359375,4.359375,0,0,41,JUN2015,1
2,16,MILK,WHOLE MILK,128,3.99,0.031171875,3.1171875,0,0,42,JUN2015,0
2,16,MILK,WHOLE MILK,64,2.79,0.04359375,4.359375,0,0,43,JUN2015,1
2,16,JUICE,,63.9,4.59,0.07183098592,7.183098592,0,0,44,JUN2015,0
2,16,SODA,,144,6.79,0.04715277778,4.715277778,1,1,50,JUN2015,0
2,16,SODA,,12,1.29,0.1075,10.75,1,0,58,JUN2015,0
2,16,SODA,,20,1.99,0.0995,9.95,1,0,59,JUN2015,1
2,16,SODA,,67.6,3.19,0.04718934911,4.718934911,1,0,60,JUN2015,1
2,16,SODA-DIET,,144,5.99,0.04159722222,4.159722222,0,1,81,JUN2015,0
2,16,SODA-DIET,,144,5.99,0.04159722222,4.159722222,0,1,91,JUN2015,0
2,16,SODA-DIET,,67.6,3.19,0.04718934911,4.718934911,0,0,97,JUN2015,1
2,16,SODA-DIET,,67.6,3.19,0.04718934911,4.718934911,0,0,100,JUN2015,1
2,16,SODA-DIET,,20,1.99,0.0995,9.95,0,0,101,JUN2015,0
2,16,SODA-DIET,,67.6,3.19,0.04718934911,4.718934911,0,0,102,JUN2015,0
2,16,SODA-DIET,,20,1.99,0.0995,9.95,0,0,105,JUN2015,1
2,16,SODA-DIET,,12,1.29,0.1075,10.75,0,0,106,JUN2015,0
2,16,ENERGY-DIET,,6,2.79,0.465,46.5,0,0,108,JUN2015,1
2,16,SODA-DIET,,20,1.99,0.0995,9.95,0,0,110,JUN2015,1
2,16,SODA-DIET,,12,1.29,0.1075,10.75,0,0,111,JUN2015,0
2,16,SODA-DIET,,20,1.99,0.0995,9.95,0,0,112,JUN2015,1
2,16,ENERGY-DIET,,8.4,2.69,0.3202380952,32.02380952,0,0,113,JUN2015,1
2,16,ENERGY-DIET,,6,2.19,0.365,36.5,0,0,114,JUN2015,1
2,16,SODA,,12,1.29,0.1075,10.75,1,0,126,JUN2015,0
2,16,SODA,,20,1.89,0.0945,9.45,1,1,130,JUN2015,0
2,16,SPORT,,28,2.59,0.0925,9.25,1,0,140,JUN2015,1
2,16,MILK,WHOLE MILK,64,5.79,0.09046875,9.046875,0,0,146,JUN2015,0
2,16,JUICE,,15.2,2.39,0.1572368421,15.72368421,0,0,160,JUN2015,1
2,16,ENERGY,,6,2.79,0.465,46.5,1,0,162,JUN2015,1
2,16,SODA,,20,1.99,0.0995,9.95,1,0,172,JUN2015,1
2,16,SODA,,144,6.79,0.04715277778,4.715277778,1,1,181,JUN2015,1
2,16,SODA,,20,1.99,0.0995,9.95,1,0,189,JUN2015,1
2,16,SODA,,67.6,3.19,0.04718934911,4.718934911,1,0,190,JUN2015,0
2,16,ENERGY,,8.4,2.69,0.3202380952,32.02380952,1,0,193,JUN2015,1
2,16,ENERGY,,6,2.19,0.365,36.5,1,0,195,JUN2015,1
2,16,TEA,,6,3.69,0.615,61.5,1,0,196,JUN2015,1
2,16,SODA,,144,6.79,0.04715277778,4.715277778,1,1,16,JUN2015,0
2,16,SODA,,12,1.29,0.1075,10.75,1,0,213,JUN2015,0
2,16,SODA,,20,1.99,0.0995,9.95,1,0,214,JUN2015,1
2,16,SODA,,67.6,3.19,0.04718934911,4.718934911,1,0,215,JUN2015,1
2,16,JUICE,,12,1.99,0.1658333333,16.58333333,0,0,230,JUN2015,1
2,16,JUICE,,59,5.29,0.08966101695,8.966101695,0,0,231,JUN2015,0
2,16,JUICE,COCONUT WATER,16.9,3.19,0.1887573964,18.87573964,0,0,232,JUN2015,1
4,6,TEA,,23,0.99,0.04304347826,4.304347826,1,0,32,JUN2015,1
4,6,MILK,LOW FAT MILK,64,3.49,0.05453125,5.453125,0,0,41,JUN2015,0
4,6,MILK,WHOLE MILK,64,3.49,0.05453125,5.453125,0,0,43,JUN2015,0
4,6,SODA,,16,1.29,0.080625,8.0625,1,1,48,JUN2015,0
4,6,SODA-DIET,,16,1.29,0.080625,8.0625,0,1,51,JUN2015,0
4,6,SODA,,16,0.99,0.061875,6.1875,1,1,52,JUN2015,0
4,6,WATER,,16.9,0.99,0.05857988166,5.857988166,0,1,69,JUN2015,0
4,6,WATER,,20,0.99,0.0495,4.95,0,1,80,JUN2015,0
4,6,SODA-DIET,,16.9,1.29,0.07633136095,7.633136095,0,1,82,JUN2015,0
4,6,SODA-DIET,,20,1.89,0.0945,9.45,0,0,112,JUN2015,1
4,6,ENERGY-DIET,,6,2.3,0.3833333333,38.33333333,0,0,114,JUN2015,0
4,6,SODA,,20,1.69,0.0845,8.45,1,1,119,JUN2015,0
4,6,SODA,,33,1.25,0.03787878788,3.787878788,1,1,121,JUN2015,0
4,6,WATER,,16.5,2.99,0.1812121212,18.12121212,0,1,128,JUN2015,0
4,6,SODA,,20,0.99,0.0495,4.95,1,1,130,JUN2015,0
4,6,SODA,,6,0.99,0.165,16.5,1,0,133,JUN2015,0
4,6,SPORT,,28,1.99,0.07107142857,7.107142857,1,0,140,JUN2015,1
4,6,SODA,,15.2,1.99,0.1309210526,13.09210526,1,1,159,JUN2015,1
4,6,ENERGY,,6,3.29,0.5483333333,54.83333333,1,0,162,JUN2015,1
4,6,SODA,,12,1.69,0.1408333333,14.08333333,1,0,171,JUN2015,0
4,6,SODA,,20,1.89,0.0945,9.45,1,0,189,JUN2015,1
4,6,ENERGY,,8.4,2.59,0.3083333333,30.83333333,1,0,193,JUN2015,1
4,6,ENERGY,,6,2.3,0.3833333333,38.33333333,1,0,195,JUN2015,1
4,6,TEA,,20,1.69,0.0845,8.45,1,1,205,JUN2015,1
4,6,SODA,,12,1.89,0.1575,15.75,1,0,213,JUN2015,0
4,6,SODA,,20,0.99,0.0495,4.95,1,0,219,JUN2015,0
4,6,JUICE DRINK,,16,1.59,0.099375,9.9375,1,1,220,JUN2015,0
4,6,JUICE,COCONUT WATER,16.9,2.89,0.1710059172,17.10059172,0,0,232,JUN2015,1
2,10,WATER,,33.8,1.99,0.05887573964,5.887573964,0,0,29,JUN2015,0
2,10,TEA,,23,0.99,0.04304347826,4.304347826,1,0,32,JUN2015,1
2,10,TEA,,23,0.99,0.04304347826,4.304347826,1,0,33,JUN2015,1
2,10,MILK,WHOLE MILK,128,4.99,0.038984375,3.8984375,0,0,42,JUN2015,1
2,10,MILK,WHOLE MILK,64,2.99,0.04671875,4.671875,0,0,43,JUN2015,1
2,10,JUICE,,63.9,2.99,0.04679186228,4.679186228,0,0,44,JUN2015,0
2,10,JUICE,COCONUT WATER,17,2.49,0.1464705882,14.64705882,0,1,4,JUN2015,1
2,10,SODA-DIET,,16,1.25,0.078125,7.8125,0,1,51,JUN2015,0
2,10,SODA-DIET,,67.6,2.5,0.03698224852,3.698224852,0,0,57,JUN2015,0
2,10,SODA,,12,0.75,0.0625,6.25,1,0,58,JUN2015,1
2,10,SODA,,20,1.75,0.0875,8.75,1,0,59,JUN2015,1
2,10,SODA,,67.6,2.5,0.03698224852,3.698224852,1,0,60,JUN2015,1
2,10,SODA-DIET,,20,1.75,0.0875,8.75,0,0,61,JUN2015,0
2,10,WATER,,20,1.5,0.075,7.5,0,0,79,JUN2015,0
2,10,SODA-DIET,,67.6,2.5,0.03698224852,3.698224852,0,0,97,JUN2015,1
2,10,SODA-DIET,,67.6,2.5,0.03698224852,3.698224852,0,0,100,JUN2015,1
2,10,SODA-DIET,,20,1.75,0.0875,8.75,0,0,105,JUN2015,0
2,10,ENERGY-DIET,,6,2.5,0.4166666667,41.66666667,0,0,108,JUN2015,0
2,10,SODA-DIET,,20,1.75,0.0875,8.75,0,0,112,JUN2015,0
2,10,ENERGY-DIET,,8.4,2.49,0.2964285714,29.64285714,0,0,113,JUN2015,0
2,10,ENERGY-DIET,,6,2.5,0.4166666667,41.66666667,0,0,114,JUN2015,1
2,10,SODA,,66,2.5,0.03787878788,3.787878788,1,1,129,JUN2015,0
2,10,SODA,,20,1.75,0.0875,8.75,1,1,130,JUN2015,0
2,10,SPORT,,28,2.5,0.08928571429,8.928571429,1,0,140,JUN2015,1
2,10,JUICE,,15.2,1.99,0.1309210526,13.09210526,0,0,160,JUN2015,1
2,10,ENERGY,,6,2.5,0.4166666667,41.66666667,1,0,162,JUN2015,1
2,10,SODA,,20,1.75,0.0875,8.75,1,0,172,JUN2015,1
2,10,SODA,,12,0.75,0.0625,6.25,1,0,188,JUN2015,0
2,10,SODA,,20,1.75,0.0875,8.75,1,0,189,JUN2015,1
2,10,SODA,,67.6,2.5,0.03698224852,3.698224852,1,0,190,JUN2015,1
2,10,ENERGY,,8.4,2.49,0.2964285714,29.64285714,1,0,193,JUN2015,0
2,10,ENERGY,,6,2.5,0.4166666667,41.66666667,1,0,195,JUN2015,1
2,10,TEA,,6,2.99,0.4983333333,49.83333333,1,0,196,JUN2015,0
2,10,SODA,,12,2.25,0.1875,18.75,1,1,203,JUN2015,0
2,10,TEA-DIET,,6,1.5,0.25,25,0,0,206,JUN2015,0
2,10,TEA,,6,1.5,0.25,25,1,0,207,JUN2015,1
2,10,SODA,,12,0.75,0.0625,6.25,1,0,213,JUN2015,1
2,10,SODA,,20,1.75,0.0875,8.75,1,0,214,JUN2015,0
2,10,SODA,,67.6,2.5,0.03698224852,3.698224852,1,0,215,JUN2015,0
2,10,JUICE DRINK,,66,0.99,0.015,1.5,1,1,18,JUN2015,0
2,10,JUICE DRINK,,67.6,0.99,0.01464497041,1.464497041,1,0,18,JUN2015,0
2,10,JUICE,,12,2.25,0.1875,18.75,0,0,230,JUN2015,0
1,25,JUICE,,62.37,8.99,0.1441398108,14.41398108,0,1,27,JUN2015,1
1,25,WATER,,33.8,1.79,0.05295857988,5.295857988,0,0,29,JUN2015,1
1,25,MILK,LOW FAT MILK,128,4.99,0.038984375,3.8984375,0,1,6,JUN2015,1
1,25,MILK,LOW FAT MILK,64,2.99,0.04671875,4.671875,0,1,7,JUN2015,1
1,25,MILK,WHOLE MILK,128,4.99,0.038984375,3.8984375,0,1,8,JUN2015,1
1,25,MILK,WHOLE MILK,64,2.99,0.04671875,4.671875,0,1,9,JUN2015,1
1,25,SODA,,144,7.63,0.05298611111,5.298611111,1,1,50,JUN2015,1
1,25,SODA,,60,5.29,0.08816666667,8.816666667,1,1,11,JUN2015,1
1,25,SODA-DIET,,60,4.69,0.07816666667,7.816666667,0,1,243,JUN2015,1
1,25,SODA,,48,5.47,0.1139583333,11.39583333,1,1,54,JUN2015,1
1,25,SODA,,96,6.45,0.0671875,6.71875,1,1,55,JUN2015,1
1,25,SODA-DIET,,60,4.69,0.07816666667,7.816666667,0,1,244,JUN2015,1
1,25,SODA-DIET,,67.6,2.19,0.0323964497,3.23964497,0,0,57,JUN2015,1
1,25,SODA,,20,2.19,0.1095,10.95,1,0,59,JUN2015,1
1,25,SODA,,67.6,2.87,0.0424556213,4.24556213,1,0,60,JUN2015,1
1,25,SODA-DIET,,20,1.99,0.0995,9.95,0,0,61,JUN2015,1
1,25,WATER,,33.8,1.29,0.03816568047,3.816568047,0,0,76,JUN2015,1
1,25,SODA-DIET,,144,6.19,0.04298611111,4.298611111,0,1,81,JUN2015,1
1,25,SODA-DIET,,144,5.99,0.04159722222,4.159722222,0,1,91,JUN2015,1
1,25,SODA-DIET,,67.6,2.19,0.0323964497,3.23964497,0,0,97,JUN2015,1
1,25,SODA-DIET,,67.6,1.99,0.02943786982,2.943786982,0,0,98,JUN2015,0
1,25,SODA-DIET,,67.6,1.99,0.02943786982,2.943786982,0,0,100,JUN2015,1
1,25,SODA-DIET,,20,1.99,0.0995,9.95,0,0,105,JUN2015,1
1,25,ENERGY-DIET,,6,2.49,0.415,41.5,0,0,108,JUN2015,0
1,25,SODA-DIET,,20,1.89,0.0945,9.45,0,0,112,JUN2015,1
1,25,ENERGY-DIET,,8.4,2.49,0.2964285714,29.64285714,0,0,113,JUN2015,1
1,25,ENERGY-DIET,,6,2.39,0.3983333333,39.83333333,0,0,114,JUN2015,1
1,25,SODA,,144,7.43,0.05159722222,5.159722222,1,1,117,JUN2015,1
1,25,SODA,,60,5.59,0.09316666667,9.316666667,1,1,122,JUN2015,1
1,25,SODA-DIET,,60,4.99,0.08316666667,8.316666667,0,1,247,JUN2015,1
1,25,SODA,,67.6,2.67,0.03949704142,3.949704142,1,0,125,JUN2015,0
1,25,JUICE DRINK,,48,4.99,0.1039583333,10.39583333,1,1,149,JUN2015,0
1,25,SODA,,12.5,1.81,0.1448,14.48,1,0,153,JUN2015,1
1,25,ENERGY,,6,2.65,0.4416666667,44.16666667,1,0,162,JUN2015,0
1,25,SODA,,144,5.99,0.04159722222,4.159722222,1,1,163,JUN2015,0
1,25,SODA-DIET,,60,4.99,0.08316666667,8.316666667,0,1,166,JUN2015,0
1,25,SODA,,33.8,2.67,0.07899408284,7.899408284,1,0,170,JUN2015,0
1,25,SODA,,144,5.99,0.04159722222,4.159722222,1,1,181,JUN2015,0
1,25,SODA,,96,5.95,0.06197916667,6.197916667,1,1,184,JUN2015,0
1,25,SODA,,60,5.59,0.09316666667,9.316666667,1,1,185,JUN2015,0
1,25,SODA-DIET,,96,4.99,0.05197916667,5.197916667,0,1,186,JUN2015,0
1,25,SODA-DIET,,60,4.99,0.08316666667,8.316666667,0,1,187,JUN2015,0
1,25,SODA,,20,2.09,0.1045,10.45,1,0,189,JUN2015,1
1,25,SODA,,67.6,2.67,0.03949704142,3.949704142,1,0,190,JUN2015,1
1,25,ENERGY,,8.4,2.57,0.305952381,30.5952381,1,0,193,JUN2015,1
1,25,ENERGY,,6,2.55,0.425,42.5,1,0,195,JUN2015,1
1,25,TEA,,6,3.49,0.5816666667,58.16666667,1,0,196,JUN2015,1
1,25,SODA,,20,2.19,0.1095,10.95,1,0,214,JUN2015,0
1,25,SODA,,67.6,2.87,0.0424556213,4.24556213,1,0,215,JUN2015,1
1,25,SODA,,20,1.89,0.0945,9.45,1,0,219,JUN2015,1
1,25,JUICE,,59,5.99,0.1015254237,10.15254237,0,0,231,JUN2015,0
1,25,JUICE,COCONUT WATER,16.9,2.99,0.1769230769,17.69230769,0,0,232,JUN2015,1
2,1,WATER,,33.8,1.59,0.04704142012,4.704142012,0,0,29,JUN2015,0
2,1,WATER,,33.8,1.35,0.0399408284,3.99408284,0,0,38,JUN2015,0
2,1,SODA,,12,1,0.08333333333,8.333333333,1,0,58,JUN2015,1
2,1,SODA,,20,2,0.1,10,1,0,59,JUN2015,0
2,1,WATER,,33.8,1.35,0.0399408284,3.99408284,0,0,76,JUN2015,1
2,1,WATER,,20,1,0.05,5,0,0,79,JUN2015,0
2,1,SODA-DIET,,20,2,0.1,10,0,0,101,JUN2015,0
2,1,SODA-DIET,,12,1,0.08333333333,8.333333333,0,0,104,JUN2015,1
2,1,SODA-DIET,,20,2,0.1,10,0,0,105,JUN2015,0
2,1,SODA-DIET,,12,1,0.08333333333,8.333333333,0,0,106,JUN2015,1
2,1,ENERGY-DIET,,6,2.49,0.415,41.5,0,0,108,JUN2015,0
2,1,SODA-DIET,,12,1,0.08333333333,8.333333333,0,0,109,JUN2015,0
2,1,SODA-DIET,,20,2,0.1,10,0,0,110,JUN2015,0
2,1,SODA-DIET,,12,1,0.08333333333,8.333333333,0,0,111,JUN2015,0
2,1,SODA-DIET,,20,2,0.1,10,0,0,112,JUN2015,1
2,1,ENERGY-DIET,,8.4,2.95,0.3511904762,35.11904762,0,0,113,JUN2015,0
2,1,ENERGY-DIET,,6,2.49,0.415,41.5,0,0,114,JUN2015,0
2,1,SODA-DIET,,12,1,0.08333333333,8.333333333,0,0,115,JUN2015,0
2,1,SODA,,12,1,0.08333333333,8.333333333,1,0,126,JUN2015,1
2,1,SPORT,,28,1.99,0.07107142857,7.107142857,1,0,140,JUN2015,0
2,1,ENERGY,,6,2.49,0.415,41.5,1,0,162,JUN2015,0
2,1,SODA,,12,1,0.08333333333,8.333333333,1,0,171,JUN2015,0
2,1,SODA,,20,2,0.1,10,1,0,172,JUN2015,0
2,1,SODA,,12,1,0.08333333333,8.333333333,1,0,188,JUN2015,1
2,1,SODA,,20,2,0.1,10,1,0,189,JUN2015,0
2,1,SPORT-DIET,,24,1.89,0.07875,7.875,0,0,191,JUN2015,0
2,1,ENERGY,,8.4,2.95,0.3511904762,35.11904762,1,0,193,JUN2015,0
2,1,ENERGY,,6,2.49,0.415,41.5,1,0,195,JUN2015,0
2,1,TEA,,6,3.79,0.6316666667,63.16666667,1,0,196,JUN2015,0
2,1,SODA,,12,1,0.08333333333,8.333333333,1,0,213,JUN2015,0
2,1,SODA,,20,2,0.1,10,1,0,214,JUN2015,0
2,1,SODA,,20,2,0.1,10,1,0,219,JUN2015,0
2,1,JUICE,COCONUT WATER,16.9,3.39,0.200591716,20.0591716,0,0,232,JUN2015,1
1,24,TEA,,23,0.99,0.04304347826,4.304347826,1,0,32,JUN2015,0
1,24,TEA,,23,0.99,0.04304347826,4.304347826,1,0,33,JUN2015,0
1,24,WATER,,33.8,0.89,0.02633136095,2.633136095,0,0,38,JUN2015,0
1,24,MILK,LOW FAT MILK,128,4.79,0.037421875,3.7421875,0,0,40,JUN2015,1
1,24,MILK,LOW FAT MILK,64,2.99,0.04671875,4.671875,0,0,41,JUN2015,1
1,24,MILK,WHOLE MILK,128,4.79,0.037421875,3.7421875,0,0,42,JUN2015,1
1,24,MILK,WHOLE MILK,64,2.99,0.04671875,4.671875,0,0,43,JUN2015,1
1,24,JUICE,,63.9,3.49,0.05461658842,5.461658842,0,0,44,JUN2015,0
1,24,JUICE DRINK,,60,3.99,0.0665,6.65,1,1,5,JUN2015,1
1,24,JUICE DRINK,,60,3.99,0.0665,6.65,1,1,5,JUN2015,1
1,24,SODA,,144,6.99,0.04854166667,4.854166667,1,1,50,JUN2015,0
1,24,SODA-DIET,,67.6,1.99,0.02943786982,2.943786982,0,0,57,JUN2015,1
1,24,SODA,,20,1.99,0.0995,9.95,1,0,59,JUN2015,1
1,24,SODA,,67.6,1.99,0.02943786982,2.943786982,1,0,60,JUN2015,1
1,24,SODA-DIET,,20,1.99,0.0995,9.95,0,0,61,JUN2015,0
1,24,SODA-DIET,,144,6.99,0.04854166667,4.854166667,0,1,81,JUN2015,0
1,24,SODA-DIET,,67.6,1.99,0.02943786982,2.943786982,0,0,97,JUN2015,1
1,24,TEA-DIET,,23,0.99,0.04304347826,4.304347826,0,0,103,JUN2015,0
1,24,SODA-DIET,,20,1.99,0.0995,9.95,0,0,105,JUN2015,1
1,24,ENERGY-DIET,,6,1.99,0.3316666667,33.16666667,0,0,108,JUN2015,0
1,24,ENERGY-DIET,,8.4,2.29,0.2726190476,27.26190476,0,0,113,JUN2015,1
1,24,ENERGY-DIET,,6,1.99,0.3316666667,33.16666667,0,0,114,JUN2015,0
1,24,MILK,LOW FAT MILK,64,4.99,0.07796875,7.796875,0,0,144,JUN2015,0
1,24,MILK,WHOLE MILK,64,4.99,0.07796875,7.796875,0,0,146,JUN2015,1
1,24,ENERGY,,6,1.99,0.3316666667,33.16666667,1,0,162,JUN2015,1
1,24,ENERGY,,8.4,2.29,0.2726190476,27.26190476,1,0,193,JUN2015,1
1,24,ENERGY,,6,1.99,0.3316666667,33.16666667,1,0,195,JUN2015,0
1,24,TEA,,6,3.59,0.5983333333,59.83333333,1,0,196,JUN2015,1
1,24,TEA-DIET,,6,1.49,0.2483333333,24.83333333,0,0,206,JUN2015,1
1,24,TEA,,6,1.49,0.2483333333,24.83333333,1,0,207,JUN2015,1
1,24,SODA,,144,6.99,0.04854166667,4.854166667,1,1,16,JUN2015,1
1,24,SODA,,20,1.99,0.0995,9.95,1,0,214,JUN2015,1
1,24,SODA,,67.6,1.99,0.02943786982,2.943786982,1,0,215,JUN2015,1
1,24,SODA,,20,0.99,0.0495,4.95,1,0,219,JUN2015,1
1,24,JUICE,,59,4.69,0.07949152542,7.949152542,0,0,231,JUN2015,0
1,24,JUICE,COCONUT WATER,16.9,2.49,0.1473372781,14.73372781,0,0,232,JUN2015,1
2,12,JUICE,,18,2.49,0.1383333333,13.83333333,0,1,3,JUN2015,0
2,12,SODA-DIET,,12,1.39,0.1158333333,11.58333333,0,1,45,JUN2015,0
2,12,MILK,LOW FAT MILK,128,7.99,0.062421875,6.2421875,0,1,6,JUN2015,0
2,12,MILK,WHOLE MILK,128,7.99,0.062421875,6.2421875,0,1,8,JUN2015,0
2,12,JUICE,,62.37,9.49,0.1521564855,15.21564855,0,1,62,JUN2015,0
2,12,JUICE,,12.5,2.99,0.2392,23.92,0,1,155,JUN2015,0
2,12,JUICE,,15.2,3.29,0.2164473684,21.64473684,0,1,175,JUN2015,0
2,12,TEA,,6,2.99,0.4983333333,49.83333333,1,0,196,JUN2015,1
2,12,TEA,,16,1.89,0.118125,11.8125,1,1,223,JUN2015,1
2,12,JUICE,COCONUT WATER,11.1,2.29,0.2063063063,20.63063063,0,1,234,JUN2015,1
3,15,TEA,,23,0.99,0.04304347826,4.304347826,1,0,32,JUN2015,0
3,15,TEA,,23,0.99,0.04304347826,4.304347826,1,0,33,JUN2015,0
3,15,JUICE DRINK,,60,4.69,0.07816666667,7.816666667,1,1,5,JUN2015,0
3,15,SODA,,144,6.49,0.04506944444,4.506944444,1,1,50,JUN2015,0
3,15,SODA,,48,4.99,0.1039583333,10.39583333,1,1,53,JUN2015,0
3,15,SODA,,60,3.39,0.0565,5.65,1,1,11,JUN2015,0
3,15,SODA-DIET,,60,3.39,0.0565,5.65,0,1,244,JUN2015,1
3,15,SODA-DIET,,67.6,2.19,0.0323964497,3.23964497,0,0,57,JUN2015,1
3,15,SODA,,20,1.94,0.097,9.7,1,0,59,JUN2015,1
3,15,SODA,,67.6,2.19,0.0323964497,3.23964497,1,0,60,JUN2015,1
3,15,SODA-DIET,,20,1.94,0.097,9.7,0,0,61,JUN2015,0
3,15,MILK,LOW FAT MILK,128,3.39,0.026484375,2.6484375,0,1,63,JUN2015,0
3,15,MILK,LOW FAT MILK,64,2.59,0.04046875,4.046875,0,1,64,JUN2015,0
3,15,MILK,WHOLE MILK,128,3.39,0.026484375,2.6484375,0,1,71,JUN2015,0
3,15,MILK,WHOLE MILK,64,2.79,0.04359375,4.359375,0,1,72,JUN2015,0
3,15,JUICE,,62.37,3.79,0.0607663941,6.07663941,0,1,73,JUN2015,0
3,15,WATER,,20,1.67,0.0835,8.35,0,0,79,JUN2015,1
3,15,SODA-DIET,,144,6.49,0.04506944444,4.506944444,0,1,81,JUN2015,1
3,15,SODA-DIET,,67.6,2.19,0.0323964497,3.23964497,0,0,97,JUN2015,1
3,15,SODA-DIET,,67.6,2.19,0.0323964497,3.23964497,0,0,98,JUN2015,0
3,15,SODA-DIET,,67.6,2.19,0.0323964497,3.23964497,0,0,100,JUN2015,1
3,15,SODA-DIET,,20,1.94,0.097,9.7,0,0,105,JUN2015,0
3,15,SODA-DIET,,12,2.19,0.1825,18.25,0,0,106,JUN2015,0
3,15,ENERGY-DIET,,6,2.49,0.415,41.5,0,0,108,JUN2015,0
3,15,SODA-DIET,,20,1.94,0.097,9.7,0,0,110,JUN2015,1
3,15,SODA-DIET,,20,1.94,0.097,9.7,0,0,112,JUN2015,0
3,15,ENERGY-DIET,,6,1.99,0.3316666667,33.16666667,0,0,114,JUN2015,1
3,15,SODA,,144,6.49,0.04506944444,4.506944444,1,1,117,JUN2015,1
3,15,SODA,,60,3.49,0.05816666667,5.816666667,1,1,122,JUN2015,1
3,15,SODA,,67.6,2.19,0.0323964497,3.23964497,1,0,125,JUN2015,0
3,15,SODA,,66,2.19,0.03318181818,3.318181818,1,1,129,JUN2015,0
3,15,SPORT,,28,2.49,0.08892857143,8.892857143,1,0,140,JUN2015,0
3,15,JUICE,,15.2,1.99,0.1309210526,13.09210526,0,0,160,JUN2015,1
3,15,ENERGY,,6,2.49,0.415,41.5,1,0,162,JUN2015,1
3,15,SODA,,60,3.49,0.05816666667,5.816666667,1,1,165,JUN2015,1
3,15,SODA,,20,1.94,0.097,9.7,1,0,172,JUN2015,1
3,15,SODA,,144,6.49,0.04506944444,4.506944444,1,1,181,JUN2015,1
3,15,SODA,,60,3.49,0.05816666667,5.816666667,1,1,185,JUN2015,1
3,15,SODA-DIET,,60,3.49,0.05816666667,5.816666667,0,1,187,JUN2015,1
3,15,SODA,,20,1.94,0.097,9.7,1,0,189,JUN2015,1
3,15,SODA,,67.6,2.19,0.0323964497,3.23964497,1,0,190,JUN2015,1
3,15,ENERGY,,6,1.99,0.3316666667,33.16666667,1,0,195,JUN2015,1
3,15,SODA,,60,3.49,0.05816666667,5.816666667,1,1,202,JUN2015,1
3,15,SODA,,144,6.49,0.04506944444,4.506944444,1,1,16,JUN2015,0
3,15,SODA,,67.6,2.19,0.0323964497,3.23964497,1,0,215,JUN2015,1
3,15,SODA,,20,1.94,0.097,9.7,1,0,219,JUN2015,0
3,15,JUICE,,12,1.99,0.1658333333,16.58333333,0,0,230,JUN2015,1
3,15,JUICE,,59,4.49,0.07610169492,7.610169492,0,0,231,JUN2015,0
3,15,JUICE,COCONUT WATER,16.9,3.19,0.1887573964,18.87573964,0,0,232,JUN2015,1
4,19,WATER,,33.8,1.69,0.05,5,0,0,29,JUN2015,0
4,19,TEA,,23,1.22,0.05304347826,5.304347826,1,0,32,JUN2015,0
4,19,TEA,,23,1.22,0.05304347826,5.304347826,1,0,33,JUN2015,0
4,19,WATER,,33.8,1.19,0.03520710059,3.520710059,0,0,38,JUN2015,0
4,19,MILK,LOW FAT MILK,64,4.29,0.06703125,6.703125,0,0,41,JUN2015,0
4,19,MILK,WHOLE MILK,64,4.29,0.06703125,6.703125,0,0,43,JUN2015,0
4,19,SODA,,16,1.45,0.090625,9.0625,1,1,52,JUN2015,0
4,19,SODA-DIET,,16,1.29,0.080625,8.0625,0,1,56,JUN2015,0
4,19,SODA,,20,1.89,0.0945,9.45,1,0,59,JUN2015,0
4,19,SODA-DIET,,20,1.69,0.0845,8.45,0,0,61,JUN2015,0
4,19,WATER,,20,1.29,0.0645,6.45,0,0,79,JUN2015,0
4,19,SODA-DIET,,20,1.69,0.0845,8.45,0,1,86,JUN2015,0
4,19,SODA-DIET,,20,1.69,0.0845,8.45,0,0,105,JUN2015,0
4,19,ENERGY-DIET,,6,2.45,0.4083333333,40.83333333,0,0,108,JUN2015,1
4,19,SODA-DIET,,20,1.89,0.0945,9.45,0,0,110,JUN2015,0
4,19,SODA-DIET,,20,1.69,0.0845,8.45,0,0,112,JUN2015,0
4,19,ENERGY-DIET,,8.4,2.29,0.2726190476,27.26190476,0,0,113,JUN2015,1
4,19,ENERGY-DIET,,6,2.69,0.4483333333,44.83333333,0,0,114,JUN2015,1
4,19,SODA,,20,1.89,0.0945,9.45,1,1,119,JUN2015,1
4,19,SODA,,6,1.89,0.315,31.5,1,0,133,JUN2015,0
4,19,SPORT,,28,2.47,0.08821428571,8.821428571,1,0,140,JUN2015,0
4,19,ENERGY,,6,2.45,0.4083333333,40.83333333,1,0,162,JUN2015,1
4,19,SODA,,20,1.89,0.0945,9.45,1,0,172,JUN2015,0
4,19,SODA,,16,1.15,0.071875,7.1875,1,1,183,JUN2015,0
4,19,SODA,,20,1.89,0.0945,9.45,1,0,189,JUN2015,0
4,19,ENERGY,,8.4,3.11,0.3702380952,37.02380952,1,0,193,JUN2015,1
4,19,ENERGY,,6,2.85,0.475,47.5,1,0,195,JUN2015,1
4,19,TEA,,6,1.69,0.2816666667,28.16666667,1,0,207,JUN2015,0
4,19,TEA,,32,2.39,0.0746875,7.46875,1,1,207,JUN2015,0
4,19,SODA,,16,1.45,0.090625,9.0625,1,1,210,JUN2015,0
4,19,JUICE DRINK,,16,1.55,0.096875,9.6875,1,1,220,JUN2015,0
4,19,JUICE,,12,1.69,0.1408333333,14.08333333,0,0,230,JUN2015,0
4,19,JUICE,COCONUT WATER,16.9,2.99,0.1769230769,17.69230769,0,0,232,JUN2015,0
4,19,WATER-SWEET,,20,1.89,0.0945,9.45,1,1,235,JUN2015,0
2,14,SODA,,20,1.94,0.097,9.7,1,0,59,JUN2015,1
2,14,SODA,,67.6,2.43,0.03594674556,3.594674556,1,0,60,JUN2015,1
2,14,SODA-DIET,,20,1.94,0.097,9.7,0,0,61,JUN2015,0
2,14,SODA-DIET,,67.6,2.43,0.03594674556,3.594674556,0,0,97,JUN2015,1
2,14,SODA-DIET,,67.6,2.43,0.03594674556,3.594674556,0,0,100,JUN2015,0
2,14,SODA-DIET,,67.6,2.94,0.04349112426,4.349112426,0,0,102,JUN2015,0
2,14,SODA-DIET,,20,1.94,0.097,9.7,0,0,105,JUN2015,1
2,14,ENERGY-DIET,,6,2.29,0.3816666667,38.16666667,0,0,108,JUN2015,0
2,14,SODA-DIET,,20,1.94,0.097,9.7,0,0,112,JUN2015,0
2,14,ENERGY-DIET,,8.4,2.29,0.2726190476,27.26190476,0,0,113,JUN2015,0
2,14,ENERGY-DIET,,6,2.5,0.4166666667,41.66666667,0,0,114,JUN2015,0
2,14,SODA,,20,0.99,0.0495,4.95,1,1,130,JUN2015,0
2,14,ENERGY,,6,2.29,0.3816666667,38.16666667,1,0,162,JUN2015,1
2,14,SODA,,20,1.94,0.097,9.7,1,0,172,JUN2015,0
2,14,JUICE,COCONUT WATER,16.9,1.75,0.1035502959,10.35502959,0,1,179,JUN2015,0
2,14,SODA,,20,1.94,0.097,9.7,1,0,189,JUN2015,0
2,14,SODA,,67.6,2.43,0.03594674556,3.594674556,1,0,190,JUN2015,0
2,14,ENERGY,,8.4,2.29,0.2726190476,27.26190476,1,0,193,JUN2015,0
2,14,ENERGY,,6,2.5,0.4166666667,41.66666667,1,0,195,JUN2015,1
2,14,SODA,,12,0.99,0.0825,8.25,1,0,213,JUN2015,1
2,14,SODA,,67.6,2.94,0.04349112426,4.349112426,1,0,215,JUN2015,1
2,14,SODA,,20,0.99,0.0495,4.95,1,0,219,JUN2015,1
2,22,SODA,,20,1,0.05,5,1,0,59,JUN2015,0
2,22,SODA-DIET,,20,1,0.05,5,0,0,61,JUN2015,0
2,22,WATER,,96,1,0.01041666667,1.041666667,0,1,68,JUN2015,0
2,22,WATER,,20,1,0.05,5,0,0,79,JUN2015,0
2,22,ENERGY-DIET,,16,1,0.0625,6.25,0,1,93,JUN2015,0
2,22,SODA-DIET,,20,1,0.05,5,0,0,105,JUN2015,0
2,22,SODA-DIET,,20,1,0.05,5,0,0,112,JUN2015,0
2,22,JUICE,,14,1,0.07142857143,7.142857143,0,1,116,JUN2015,0
2,22,WATER,,33,1,0.0303030303,3.03030303,0,1,174,JUN2015,0
2,22,ENERGY,,16,1,0.0625,6.25,1,1,194,JUN2015,0
2,23,WATER,,33.8,1.74,0.05147928994,5.147928994,0,0,29,JUN2015,0
2,23,JUICE DRINK,,6,0.55,0.09166666667,9.166666667,1,0,47,JUN2015,1
2,23,SODA,,12,0.87,0.0725,7.25,1,0,58,JUN2015,1
2,23,SODA,,20,2.01,0.1005,10.05,1,0,59,JUN2015,1
2,23,SODA-DIET,,20,2.01,0.1005,10.05,0,0,61,JUN2015,1
2,23,SODA-DIET,,67.6,2.42,0.03579881657,3.579881657,0,0,100,JUN2015,1
2,23,SODA-DIET,,12,0.87,0.0725,7.25,0,0,104,JUN2015,1
2,23,SODA-DIET,,20,2.01,0.1005,10.05,0,0,105,JUN2015,1
2,23,ENERGY-DIET,,6,2.47,0.4116666667,41.16666667,0,0,108,JUN2015,1
2,23,SODA-DIET,,20,2.01,0.1005,10.05,0,0,112,JUN2015,1
2,23,ENERGY-DIET,,8.4,2.47,0.294047619,29.4047619,0,0,113,JUN2015,1
2,23,ENERGY-DIET,,6,2.47,0.4116666667,41.16666667,0,0,114,JUN2015,1
2,23,SODA,,67.6,2.42,0.03579881657,3.579881657,1,0,125,JUN2015,0
2,23,SODA,,12,0.87,0.0725,7.25,1,0,126,JUN2015,0
2,23,SPORT,,28,1.96,0.07,7,1,0,140,JUN2015,1
2,23,ENERGY,,6,2.47,0.4116666667,41.16666667,1,0,162,JUN2015,1
2,23,SODA,,33.8,2.42,0.07159763314,7.159763314,1,0,170,JUN2015,1
2,23,SODA,,12,0.87,0.0725,7.25,1,0,171,JUN2015,1
2,23,SODA,,20,2.01,0.1005,10.05,1,0,172,JUN2015,1
2,23,SODA,,20,2.01,0.1005,10.05,1,0,189,JUN2015,1
2,23,SODA,,67.6,2.42,0.03579881657,3.579881657,1,0,190,JUN2015,1
2,23,ENERGY,,8.4,2.47,0.294047619,29.4047619,1,0,193,JUN2015,1
2,23,ENERGY,,6,2.47,0.4116666667,41.16666667,1,0,195,JUN2015,1
2,23,TEA,,6,3.87,0.645,64.5,1,0,196,JUN2015,1
2,23,TEA-DIET,,20,2.25,0.1125,11.25,0,1,206,JUN2015,1
2,23,TEA,,6,2.01,0.335,33.5,1,0,207,JUN2015,0
2,23,SODA,,12,0.87,0.0725,7.25,1,0,213,JUN2015,1
2,23,SODA,,20,2.01,0.1005,10.05,1,0,214,JUN2015,1
2,23,SODA,,20,2.01,0.1005,10.05,1,0,219,JUN2015,1
2,23,JUICE DRINK,,11.3,0.87,0.07699115044,7.699115044,1,0,222,JUN2015,0
4,4,TEA,,23,0.99,0.04304347826,4.304347826,1,0,32,JUN2015,1
4,4,TEA,,23,0.99,0.04304347826,4.304347826,1,0,33,JUN2015,1
4,4,WATER,,33.8,1.74,0.05147928994,5.147928994,0,0,38,JUN2015,0
4,4,MILK,WHOLE MILK,128,4.99,0.038984375,3.8984375,0,0,42,JUN2015,0
4,4,MILK,WHOLE MILK,64,2.99,0.04671875,4.671875,0,0,43,JUN2015,1
4,4,SODA,,12,0.86,0.07166666667,7.166666667,1,0,58,JUN2015,1
4,4,SODA,,20,1.69,0.0845,8.45,1,0,59,JUN2015,1
4,4,SODA,,67.6,2.98,0.04408284024,4.408284024,1,0,60,JUN2015,1
4,4,WATER,,33.8,1.74,0.05147928994,5.147928994,0,0,76,JUN2015,0
4,4,WATER,,23.6,1.44,0.06101694915,6.101694915,0,0,77,JUN2015,1
4,4,WATER,,20,1.54,0.077,7.7,0,0,79,JUN2015,1
4,4,SODA-DIET,,67.6,2.98,0.04408284024,4.408284024,0,0,97,JUN2015,1
4,4,SODA-DIET,,67.6,2.98,0.04408284024,4.408284024,0,0,100,JUN2015,0
4,4,SODA-DIET,,12,0.86,0.07166666667,7.166666667,0,0,104,JUN2015,0
4,4,SODA-DIET,,20,1.69,0.0845,8.45,0,0,105,JUN2015,1
4,4,ENERGY-DIET,,6,2.49,0.415,41.5,0,0,108,JUN2015,0
4,4,SODA-DIET,,20,1.69,0.0845,8.45,0,0,112,JUN2015,0
4,4,ENERGY-DIET,,8.4,2.29,0.2726190476,27.26190476,0,0,113,JUN2015,0
4,4,ENERGY-DIET,,6,2.49,0.415,41.5,0,0,114,JUN2015,0
4,4,SPORT,,28,2.39,0.08535714286,8.535714286,1,0,140,JUN2015,1
4,4,JUICE,,15.2,2.29,0.1506578947,15.06578947,0,0,160,JUN2015,1
4,4,ENERGY,,6,2.49,0.415,41.5,1,0,162,JUN2015,1
4,4,SODA,,20,1.69,0.0845,8.45,1,0,172,JUN2015,1
4,4,SODA,,20,1.69,0.0845,8.45,1,0,189,JUN2015,1
4,4,SODA,,67.6,2.98,0.04408284024,4.408284024,1,0,190,JUN2015,1
4,4,ENERGY,,8.4,2.29,0.2726190476,27.26190476,1,0,193,JUN2015,1
4,4,ENERGY,,6,2.49,0.415,41.5,1,0,195,JUN2015,1
4,4,TEA-DIET,,6,1.54,0.2566666667,25.66666667,0,0,206,JUN2015,0
4,4,TEA,,6,1.54,0.2566666667,25.66666667,1,0,207,JUN2015,0
4,4,SODA,,20,1.69,0.0845,8.45,1,0,214,JUN2015,1
4,4,SODA,,20,0.99,0.0495,4.95,1,0,219,JUN2015,0
4,4,JUICE DRINK,,16,1.44,0.09,9,1,1,220,JUN2015,0
4,4,JUICE,,12,1.99,0.1658333333,16.58333333,0,0,230,JUN2015,0
4,4,JUICE,COCONUT WATER,16.9,2.99,0.1769230769,17.69230769,0,0,232,JUN2015,1
2,17,TEA,,23,0.99,0.04304347826,4.304347826,1,0,32,JUN2015,0
2,17,TEA,,23,0.99,0.04304347826,4.304347826,1,0,33,JUN2015,0
2,17,WATER,,33.8,1.75,0.05177514793,5.177514793,0,0,38,JUN2015,0
2,17,MILK,LOW FAT MILK,128,5.49,0.042890625,4.2890625,0,0,40,JUN2015,1
2,17,MILK,LOW FAT MILK,64,3.49,0.05453125,5.453125,0,0,41,JUN2015,1
2,17,MILK,WHOLE MILK,128,5.49,0.042890625,4.2890625,0,0,42,JUN2015,1
2,17,MILK,WHOLE MILK,64,3.49,0.05453125,5.453125,0,0,43,JUN2015,1
2,17,SODA,,12,0.89,0.07416666667,7.416666667,1,0,58,JUN2015,0
2,17,SODA,,20,1.79,0.0895,8.95,1,0,59,JUN2015,0
2,17,SODA,,67.6,1.99,0.02943786982,2.943786982,1,0,60,JUN2015,0
2,17,SODA-DIET,,20,1.79,0.0895,8.95,0,0,61,JUN2015,0
2,17,WATER,,33.8,1.75,0.05177514793,5.177514793,0,0,76,JUN2015,0
2,17,WATER,,23.6,1.5,0.06355932203,6.355932203,0,0,77,JUN2015,0
2,17,SODA-DIET,,67.6,1.99,0.02943786982,2.943786982,0,0,97,JUN2015,0
2,17,SODA-DIET,,67.6,1.99,0.02943786982,2.943786982,0,0,100,JUN2015,0
2,17,SODA-DIET,,67.6,1.99,0.02943786982,2.943786982,0,0,102,JUN2015,0
2,17,SODA-DIET,,12,0.89,0.07416666667,7.416666667,0,0,104,JUN2015,1
2,17,SODA-DIET,,20,1.79,0.0895,8.95,0,0,105,JUN2015,0
2,17,ENERGY-DIET,,8.4,2.39,0.2845238095,28.45238095,0,0,113,JUN2015,1
2,17,ENERGY-DIET,,6,2.5,0.4166666667,41.66666667,0,0,114,JUN2015,0
2,17,SPORT,,28,2.5,0.08928571429,8.928571429,1,0,140,JUN2015,0
2,17,MILK,LOW FAT MILK,64,4.99,0.07796875,7.796875,0,0,144,JUN2015,0
2,17,MILK,WHOLE MILK,64,4.99,0.07796875,7.796875,0,0,146,JUN2015,0
2,17,SODA,,20,1.79,0.0895,8.95,1,0,172,JUN2015,1
2,17,SODA,,12,0.89,0.07416666667,7.416666667,1,0,188,JUN2015,1
2,17,SODA,,20,1.79,0.0895,8.95,1,0,189,JUN2015,0
2,17,SODA,,67.6,1.99,0.02943786982,2.943786982,1,0,190,JUN2015,0
2,17,ENERGY,,8.4,2.39,0.2845238095,28.45238095,1,0,193,JUN2015,1
2,17,ENERGY,,6,2.5,0.4166666667,41.66666667,1,0,195,JUN2015,1
2,17,TEA,,6,3.99,0.665,66.5,1,0,196,JUN2015,0
2,17,TEA-DIET,,6,1.79,0.2983333333,29.83333333,0,0,206,JUN2015,0
2,17,TEA,,6,1.79,0.2983333333,29.83333333,1,0,207,JUN2015,0
2,17,SODA,,20,1.79,0.0895,8.95,1,0,214,JUN2015,0
2,17,SODA,,67.6,1.99,0.02943786982,2.943786982,1,0,215,JUN2015,0
2,17,SODA,,20,0.99,0.0495,4.95,1,0,219,JUN2015,1
2,17,JUICE DRINK,,67.6,0.99,0.01464497041,1.464497041,1,0,18,JUN2015,0
2,17,JUICE,,59,3.49,0.05915254237,5.915254237,0,0,231,JUN2015,0
2,17,JUICE,COCONUT WATER,16.9,2.99,0.1769230769,17.69230769,0,0,232,JUN2015,0
1,13,SODA,,72,2.71,0.03763888889,3.763888889,1,1,10,JUN2015,1
1,13,SODA,,12,0.5,0.04166666667,4.166666667,1,0,58,JUN2015,0
1,13,SODA,,20,1.49,0.0745,7.45,1,0,59,JUN2015,1
1,13,MILK,,64,1.89,0.02953125,2.953125,0,1,72,JUN2015,0
1,13,SODA-DIET,,72,2.71,0.03763888889,3.763888889,0,1,87,JUN2015,0
1,13,SODA-DIET,,72,2.71,0.03763888889,3.763888889,0,1,92,JUN2015,0
1,13,SODA-DIET,,20,1.49,0.0745,7.45,0,0,105,JUN2015,0
1,13,SODA-DIET,,12,0.5,0.04166666667,4.166666667,0,0,111,JUN2015,0
1,13,ENERGY-DIET,,6,1.65,0.275,27.5,0,0,114,JUN2015,0
1,13,SODA,,72,2.71,0.03763888889,3.763888889,1,1,120,JUN2015,0
1,13,SODA,,12,0.5,0.04166666667,4.166666667,1,0,126,JUN2015,0
1,13,SODA,,72,2.71,0.03763888889,3.763888889,1,1,164,JUN2015,0
1,13,SODA,,12,0.5,0.04166666667,4.166666667,1,0,171,JUN2015,0
1,13,SODA,,72,2.71,0.03763888889,3.763888889,1,1,182,JUN2015,0
1,13,SODA,,12,0.5,0.04166666667,4.166666667,1,0,188,JUN2015,0
1,13,SODA,,20,1.29,0.0645,6.45,1,0,189,JUN2015,0
1,13,ENERGY,,6,1.65,0.275,27.5,1,0,195,JUN2015,0
1,13,SODA,,72,2.71,0.03763888889,3.763888889,1,1,208,JUN2015,0
1,13,SODA,,12,0.5,0.04166666667,4.166666667,1,0,213,JUN2015,0
1,13,SODA,,20,1.49,0.0745,7.45,1,0,214,JUN2015,1
1,13,SODA,,66,1.73,0.02621212121,2.621212121,1,1,218,JUN2015,0
1,13,SODA,,20,0.99,0.0495,4.95,1,0,219,JUN2015,0
2,9,TEA,,20,1,0.05,5,1,1,30,JUN2015,0
2,9,TEA,,23,1.04,0.0452173913,4.52173913,1,0,32,JUN2015,0
2,9,TEA,,23,1.04,0.0452173913,4.52173913,1,0,33,JUN2015,0
2,9,MILK,LOW FAT MILK,128,4.49,0.035078125,3.5078125,0,0,40,JUN2015,0
2,9,MILK,LOW FAT MILK,64,2.99,0.04671875,4.671875,0,0,41,JUN2015,0
2,9,MILK,WHOLE MILK,128,4.49,0.035078125,3.5078125,0,0,42,JUN2015,1
2,9,MILK,WHOLE MILK,64,2.99,0.04671875,4.671875,0,0,43,JUN2015,1
2,9,JUICE DRINK,,6,0.5,0.08333333333,8.333333333,1,0,47,JUN2015,0
2,9,SODA-DIET,,67.6,2.25,0.03328402367,3.328402367,0,0,57,JUN2015,0
2,9,SODA,,12,0.75,0.0625,6.25,1,0,58,JUN2015,1
2,9,SODA,,20,1.69,0.0845,8.45,1,0,59,JUN2015,1
2,9,SODA,,67.6,2.25,0.03328402367,3.328402367,1,0,60,JUN2015,1
2,9,SODA-DIET,,20,1.69,0.0845,8.45,0,0,61,JUN2015,0
2,9,WATER,,23.6,1.5,0.06355932203,6.355932203,0,0,77,JUN2015,0
2,9,SODA-DIET,,67.6,2.25,0.03328402367,3.328402367,0,0,97,JUN2015,0
2,9,SODA-DIET,,67.6,2.25,0.03328402367,3.328402367,0,0,98,JUN2015,0
2,9,SODA-DIET,,67.6,2.25,0.03328402367,3.328402367,0,0,99,JUN2015,0
2,9,SODA-DIET,,67.6,2.25,0.03328402367,3.328402367,0,0,100,JUN2015,0
2,9,SODA-DIET,,20,1.69,0.0845,8.45,0,0,101,JUN2015,0
2,9,SODA-DIET,,67.6,2.25,0.03328402367,3.328402367,0,0,102,JUN2015,0
2,9,SODA-DIET,,12,0.75,0.0625,6.25,0,0,104,JUN2015,1
2,9,SODA-DIET,,20,1.69,0.0845,8.45,0,0,105,JUN2015,1
2,9,SODA-DIET,,12,0.75,0.0625,6.25,0,0,106,JUN2015,0
2,9,ENERGY-DIET,,6,2.49,0.415,41.5,0,0,108,JUN2015,0
2,9,SODA-DIET,,12,0.75,0.0625,6.25,0,0,109,JUN2015,0
2,9,SODA-DIET,,20,1.69,0.0845,8.45,0,0,110,JUN2015,0
2,9,SODA-DIET,,12,0.75,0.0625,6.25,0,0,111,JUN2015,0
2,9,SODA-DIET,,20,1.69,0.0845,8.45,0,0,112,JUN2015,0
2,9,ENERGY-DIET,,8.4,2.49,0.2964285714,29.64285714,0,0,113,JUN2015,0
2,9,ENERGY-DIET,,6,2.49,0.415,41.5,0,0,114,JUN2015,1
2,9,SODA-DIET,,12,0.75,0.0625,6.25,0,0,115,JUN2015,0
2,9,SODA,,67.6,2.25,0.03328402367,3.328402367,1,0,125,JUN2015,0
2,9,SODA,,12,0.75,0.0625,6.25,1,0,126,JUN2015,0
2,9,SPORT,,28,2.49,0.08892857143,8.892857143,1,0,140,JUN2015,1
2,9,JUICE,,15.2,1.99,0.1309210526,13.09210526,0,0,160,JUN2015,0
2,9,ENERGY,,6,2.49,0.415,41.5,1,0,162,JUN2015,1
2,9,SODA,,33.8,2.25,0.06656804734,6.656804734,1,0,170,JUN2015,0
2,9,SODA,,12,0.75,0.0625,6.25,1,0,171,JUN2015,0
2,9,SODA,,20,1.69,0.0845,8.45,1,0,172,JUN2015,1
2,9,SODA,,12,0.75,0.0625,6.25,1,0,188,JUN2015,1
2,9,SODA,,20,1.69,0.0845,8.45,1,0,189,JUN2015,1
2,9,SODA,,67.6,2.25,0.03328402367,3.328402367,1,0,190,JUN2015,0
2,9,ENERGY,,8.4,2.49,0.2964285714,29.64285714,1,0,193,JUN2015,1
2,9,ENERGY,,6,2.49,0.415,41.5,1,0,195,JUN2015,1
2,9,TEA,,6,3.49,0.5816666667,58.16666667,1,0,196,JUN2015,0
2,9,SODA,,12,0.75,0.0625,6.25,1,0,213,JUN2015,1
2,9,SODA,,20,1.69,0.0845,8.45,1,0,214,JUN2015,0
2,9,SODA,,67.6,2.25,0.03328402367,3.328402367,1,0,215,JUN2015,1
2,9,SODA,,20,1.49,0.0745,7.45,1,0,219,JUN2015,1
2,9,JUICE DRINK,,16,1.49,0.093125,9.3125,1,1,220,JUN2015,1
2,9,JUICE,COCONUT WATER,16.9,2.99,0.1769230769,17.69230769,0,0,232,JUN2015,1
2,9,ENERGY,,16,1.49,0.093125,9.3125,1,1,233,JUN2015,1
2,5,TEA,,23,0.99,0.04304347826,4.304347826,1,0,32,JUN2015,1
2,5,MILK,WHOLE MILK,128,4.49,0.035078125,3.5078125,0,0,42,JUN2015,1
2,5,MILK,WHOLE MILK,64,3.29,0.05140625,5.140625,0,0,43,JUN2015,1
2,5,JUICE,,63.9,4.89,0.0765258216,7.65258216,0,0,44,JUN2015,0
2,5,SODA,,12,0.79,0.06583333333,6.583333333,1,0,58,JUN2015,1
2,5,SODA,,20,1.59,0.0795,7.95,1,0,59,JUN2015,1
2,5,SODA,,67.6,2.29,0.03387573964,3.387573964,1,0,60,JUN2015,0
2,5,SODA-DIET,,20,1.59,0.0795,7.95,0,0,61,JUN2015,0
2,5,SODA-DIET,,67.6,2.29,0.03387573964,3.387573964,0,0,97,JUN2015,1
2,5,SODA-DIET,,67.6,2.29,0.03387573964,3.387573964,0,0,100,JUN2015,0
2,5,SODA-DIET,,20,1.59,0.0795,7.95,0,0,105,JUN2015,1
2,5,ENERGY-DIET,,6,2.29,0.3816666667,38.16666667,0,0,108,JUN2015,0
2,5,SODA-DIET,,12,0.79,0.06583333333,6.583333333,0,0,111,JUN2015,0
2,5,SODA-DIET,,20,1.59,0.0795,7.95,0,0,112,JUN2015,0
2,5,ENERGY-DIET,,8.4,2.29,0.2726190476,27.26190476,0,0,113,JUN2015,1
2,5,ENERGY-DIET,,6,2.29,0.3816666667,38.16666667,0,0,114,JUN2015,0
2,5,SODA,,67.6,2.29,0.03387573964,3.387573964,1,0,125,JUN2015,0
2,5,SODA,,12,0.79,0.06583333333,6.583333333,1,0,126,JUN2015,0
2,5,SPORT,,28,1.79,0.06392857143,6.392857143,1,0,140,JUN2015,1
2,5,SODA,,12.5,1.39,0.1112,11.12,1,0,153,JUN2015,1
2,5,ENERGY,,6,2.29,0.3816666667,38.16666667,1,0,162,JUN2015,0
2,5,SODA,,20,1.39,0.0695,6.95,1,0,172,JUN2015,0
2,5,SODA,,12,0.79,0.06583333333,6.583333333,1,0,188,JUN2015,0
2,5,SODA,,20,1.59,0.0795,7.95,1,0,189,JUN2015,0
2,5,SODA,,67.6,2.29,0.03387573964,3.387573964,1,0,190,JUN2015,0
2,5,ENERGY,,8.4,2.29,0.2726190476,27.26190476,1,0,193,JUN2015,1
2,5,ENERGY,,6,2.29,0.3816666667,38.16666667,1,0,195,JUN2015,0
2,5,SODA,,12,0.79,0.06583333333,6.583333333,1,0,213,JUN2015,0
2,5,SODA,,20,1.59,0.0795,7.95,1,0,214,JUN2015,1
2,5,SODA,,67.6,2.29,0.03387573964,3.387573964,1,0,215,JUN2015,0
2,5,SODA,,20,0.99,0.0495,4.95,1,0,219,JUN2015,0
2,5,JUICE,,59,5.49,0.09305084746,9.305084746,0,0,231,JUN2015,0
2,26,MILK,WHOLE MILK,128,4.49,0.035078125,3.5078125,0,0,42,JUN2015,1
2,26,MILK,WHOLE MILK,64,2.89,0.04515625,4.515625,0,0,43,JUN2015,1
2,26,SODA,,20,1.59,0.0795,7.95,1,0,59,JUN2015,0
2,26,SODA,,67.6,2.49,0.03683431953,3.683431953,1,0,60,JUN2015,1
2,26,SODA-DIET,,20,1.59,0.0795,7.95,0,0,61,JUN2015,0
2,26,SODA-DIET,,67.6,2.49,0.03683431953,3.683431953,0,0,97,JUN2015,1
2,26,SODA-DIET,,20,1.59,0.0795,7.95,0,0,101,JUN2015,0
2,26,SODA-DIET,,20,1.59,0.0795,7.95,0,0,105,JUN2015,0
2,26,ENERGY-DIET,,6,2.29,0.3816666667,38.16666667,0,0,108,JUN2015,1
2,26,ENERGY-DIET,,8.4,2.29,0.2726190476,27.26190476,0,0,113,JUN2015,1
2,26,SPORT,,28,1.99,0.07107142857,7.107142857,1,0,140,JUN2015,0
2,26,MILK,,64,5,0.078125,7.8125,0,0,146,JUN2015,0
2,26,SODA,,12.5,1.29,0.1032,10.32,1,0,153,JUN2015,0
2,26,ENERGY,,6,2.29,0.3816666667,38.16666667,1,0,162,JUN2015,0
2,26,ENERGY,,8.4,2.29,0.2726190476,27.26190476,1,0,193,JUN2015,1
2,26,TEA,,6,3.59,0.5983333333,59.83333333,1,0,196,JUN2015,1
2,26,SODA,,20,1.59,0.0795,7.95,1,0,214,JUN2015,0
2,26,JUICE,,59,5.99,0.1015254237,10.15254237,0,0,231,JUN2015,0
2,7,SODA,,12,1,0.08333333333,8.333333333,1,0,58,JUN2015,1
2,7,SODA,,12,1,0.08333333333,8.333333333,1,0,188,JUN2015,1
2,18,JUICE,,9,1.49,0.1655555556,16.55555556,0,1,49,JUN2015,0
2,18,SODA,,12,0.75,0.0625,6.25,1,0,58,JUN2015,1
2,18,JUICE DRINK,,33,1.99,0.0603030303,6.03030303,1,1,136,JUN2015,0
2,18,JUICE,,10,1.29,0.129,12.9,0,1,156,JUN2015,0
2,18,JUICE DRINK,,11,1.29,0.1172727273,11.72727273,1,1,157,JUN2015,0
2,18,JUICE,COCONUT WATER,11,1.29,0.1172727273,11.72727273,0,1,173,JUN2015,0
2,18,SODA,,12,0.75,0.0625,6.25,1,0,213,JUN2015,0
1,3,WATER,,33.8,1.69,0.05,5,0,0,29,JUN2015,1
1,3,TEA,,23,0.99,0.04304347826,4.304347826,1,0,32,JUN2015,1
1,3,TEA,,23,0.99,0.04304347826,4.304347826,1,0,33,JUN2015,1
1,3,MILK,LOW FAT MILK,128,4.99,0.038984375,3.8984375,0,0,40,JUN2015,0
1,3,MILK,LOW FAT MILK,64,3.49,0.05453125,5.453125,0,0,41,JUN2015,0
1,3,MILK,WHOLE MILK,128,4.99,0.038984375,3.8984375,0,0,42,JUN2015,0
1,3,MILK,WHOLE MILK,64,3.49,0.05453125,5.453125,0,0,43,JUN2015,0
1,3,SODA-DIET,,8.5,1.79,0.2105882353,21.05882353,0,1,242,JUN2015,1
1,3,SODA,,60,4.49,0.07483333333,7.483333333,1,1,11,JUN2015,#N/A
1,3,SODA,,8.5,1.88,0.2211764706,22.11764706,1,1,12,JUN2015,#N/A
1,3,SODA,,144,7.43,0.05159722222,5.159722222,1,1,50,JUN2015,0
1,3,SODA-DIET,,60,4.49,0.07483333333,7.483333333,0,1,243,JUN2015,1
1,3,SODA-DIET,,60,4.49,0.07483333333,7.483333333,0,1,244,JUN2015,1
1,3,SODA-DIET,,8.5,1.79,0.2105882353,21.05882353,0,1,245,JUN2015,1
1,3,SODA-DIET,,67.6,1.99,0.02943786982,2.943786982,0,0,57,JUN2015,1
1,3,SODA,,20,2.09,0.1045,10.45,1,0,59,JUN2015,1
1,3,SODA,,67.6,2.67,0.03949704142,3.949704142,1,0,60,JUN2015,1
1,3,SODA-DIET,,20,1.89,0.0945,9.45,0,0,61,JUN2015,1
1,3,WATER,,198,3.49,0.01762626263,1.762626263,0,1,67,JUN2015,1
1,3,WATER,,20,1.89,0.0945,9.45,0,0,79,JUN2015,1
1,3,SODA-DIET,,144,5.99,0.04159722222,4.159722222,0,1,81,JUN2015,1
1,3,SODA-DIET,,144,5.99,0.04159722222,4.159722222,0,1,85,JUN2015,1
1,3,SODA-DIET,,144,5.99,0.04159722222,4.159722222,0,1,90,JUN2015,1
1,3,SODA-DIET,,144,5.99,0.04159722222,4.159722222,0,1,91,JUN2015,1
1,3,SODA-DIET,,67.6,1.99,0.02943786982,2.943786982,0,0,97,JUN2015,1
1,3,SODA-DIET,,67.6,1.99,0.02943786982,2.943786982,0,0,98,JUN2015,1
1,3,SODA-DIET,,67.6,1.99,0.02943786982,2.943786982,0,0,99,JUN2015,1
1,3,SODA-DIET,,67.6,1.99,0.02943786982,2.943786982,0,0,100,JUN2015,1
1,3,SODA-DIET,,20,1.89,0.0945,9.45,0,0,105,JUN2015,0
1,3,ENERGY-DIET,,6,2.29,0.3816666667,38.16666667,0,0,108,JUN2015,1
1,3,SODA-DIET,,20,2.09,0.1045,10.45,0,0,110,JUN2015,0
1,3,SODA-DIET,,20,1.89,0.0945,9.45,0,0,112,JUN2015,0
1,3,ENERGY-DIET,,8.4,2.29,0.2726190476,27.26190476,0,0,113,JUN2015,1
1,3,ENERGY-DIET,,6,2.29,0.3816666667,38.16666667,0,0,114,JUN2015,1
1,3,SODA,,144,5.99,0.04159722222,4.159722222,1,1,117,JUN2015,1
1,3,SODA,,60,4.49,0.07483333333,7.483333333,1,1,122,JUN2015,1
1,3,SODA,,67.6,2.67,0.03949704142,3.949704142,1,0,125,JUN2015,1
1,3,SODA,,66,1.99,0.03015151515,3.015151515,1,1,129,JUN2015,1
1,3,SODA,,20,2.09,0.1045,10.45,1,1,130,JUN2015,1
1,3,SPORT,,32,2.31,0.0721875,7.21875,1,1,137,JUN2015,1
1,3,MILK,LOW FAT MILK,64,5.69,0.08890625,8.890625,0,0,144,JUN2015,0
1,3,MILK,WHOLE MILK,64,5.69,0.08890625,8.890625,0,0,146,JUN2015,0
1,3,JUICE,,15.2,1.99,0.1309210526,13.09210526,0,0,160,JUN2015,0
1,3,ENERGY,,6,2.45,0.4083333333,40.83333333,1,0,162,JUN2015,1
1,3,SODA,,144,7.43,0.05159722222,5.159722222,1,1,163,JUN2015,1
1,3,SODA,,33.8,2.67,0.07899408284,7.899408284,1,0,170,JUN2015,1
1,3,SODA,,20,2.09,0.1045,10.45,1,0,172,JUN2015,0
1,3,SODA,,144,7.43,0.05159722222,5.159722222,1,1,181,JUN2015,0
1,3,SODA,,60,4.19,0.06983333333,6.983333333,1,1,185,JUN2015,0
1,3,SODA-DIET,,60,4.19,0.06983333333,6.983333333,0,1,187,JUN2015,0
1,3,SODA,,20,2.09,0.1045,10.45,1,0,189,JUN2015,1
1,3,SODA,,67.6,2.67,0.03949704142,3.949704142,1,0,190,JUN2015,1
1,3,SPORT-DIET,,24,1.39,0.05791666667,5.791666667,0,0,191,JUN2015,0
1,3,ENERGY,,8.4,2.29,0.2726190476,27.26190476,1,0,193,JUN2015,1
1,3,ENERGY,,6,2.29,0.3816666667,38.16666667,1,0,195,JUN2015,1
1,3,TEA,,6,3.29,0.5483333333,54.83333333,1,0,196,JUN2015,0
1,3,SODA,,144,7.43,0.05159722222,5.159722222,1,1,16,JUN2015,#N/A
1,3,SODA,,60,4.49,0.07483333333,7.483333333,1,1,211,JUN2015,0
1,3,SODA,,8.5,1.88,0.2211764706,22.11764706,1,1,212,JUN2015,0
1,3,SODA,,20,2.09,0.1045,10.45,1,0,214,JUN2015,1
1,3,SODA,,67.6,2.67,0.03949704142,3.949704142,1,0,215,JUN2015,1
1,3,SODA,,20,1.99,0.0995,9.95,1,0,219,JUN2015,1
1,3,JUICE,,12,1.99,0.1658333333,16.58333333,0,0,230,JUN2015,0
1,3,JUICE,,59,4.79,0.08118644068,8.118644068,0,0,231,JUN2015,1
1,3,JUICE,COCONUT WATER,16.9,2.99,0.1769230769,17.69230769,0,0,232,JUN2015,1
2,2,SODA,,12,0.87,0.0725,7.25,1,0,58,JUN2015,1
2,2,SODA,,20,2.01,0.1005,10.05,1,0,59,JUN2015,1
2,2,SODA,,67.6,2.88,0.0426035503,4.26035503,1,0,60,JUN2015,1
2,2,SODA-DIET,,20,2.01,0.1005,10.05,0,0,61,JUN2015,1
2,2,MILK,,64,4,0.0625,6.25,0,1,72,JUN2015,1
2,2,SODA-DIET,,67.6,2.88,0.0426035503,4.26035503,0,0,97,JUN2015,1
2,2,SODA-DIET,,12,0.87,0.0725,7.25,0,0,104,JUN2015,1
2,2,SODA-DIET,,20,2.01,0.1005,10.05,0,0,105,JUN2015,1
2,2,ENERGY-DIET,,6,2.24,0.3733333333,37.33333333,0,0,108,JUN2015,1
2,2,SODA-DIET,,12,0.87,0.0725,7.25,0,0,111,JUN2015,1
2,2,SODA-DIET,,20,2.01,0.1005,10.05,0,0,112,JUN2015,1
2,2,ENERGY-DIET,,8.4,2.24,0.2666666667,26.66666667,0,0,113,JUN2015,1
2,2,ENERGY-DIET,,6,2.24,0.3733333333,37.33333333,0,0,114,JUN2015,1
2,2,SODA,,12,0.87,0.0725,7.25,1,0,126,JUN2015,1
2,2,SODA,,20,2.25,0.1125,11.25,1,1,130,JUN2015,1
2,2,SPORT,,28,2.42,0.08642857143,8.642857143,1,0,140,JUN2015,0
2,2,ENERGY,,6,2.24,0.3733333333,37.33333333,1,0,162,JUN2015,1
2,2,SODA,,12,0.87,0.0725,7.25,1,0,171,JUN2015,0
2,2,SODA,,20,2.01,0.1005,10.05,1,0,172,JUN2015,0
2,2,SODA,,12,0.87,0.0725,7.25,1,0,188,JUN2015,1
2,2,SODA,,20,2.01,0.1005,10.05,1,0,189,JUN2015,1
2,2,ENERGY,,8.4,2.24,0.2666666667,26.66666667,1,0,193,JUN2015,1
2,2,ENERGY,,6,2.24,0.3733333333,37.33333333,1,0,195,JUN2015,1
2,2,SODA,,12,0.87,0.0725,7.25,1,0,213,JUN2015,1
2,2,SODA,,20,2.01,0.1005,10.05,1,0,214,JUN2015,1
2,2,SODA,,67.6,2.88,0.0426035503,4.26035503,1,0,215,JUN2015,1
2,8,SODA,,12,0.75,0.0625,6.25,1,0,58,JUN2015,1
2,8,SODA,,20,1.89,0.0945,9.45,1,0,59,JUN2015,0
2,8,SODA,,67.6,2.28,0.03372781065,3.372781065,1,0,60,JUN2015,1
2,8,SODA-DIET,,20,1.89,0.0945,9.45,0,0,61,JUN2015,0
2,8,SODA-DIET,,67.6,2.28,0.03372781065,3.372781065,0,0,97,JUN2015,0
2,8,SODA-DIET,,67.6,2.28,0.03372781065,3.372781065,0,0,100,JUN2015,0
2,8,SODA-DIET,,12,0.75,0.0625,6.25,0,0,104,JUN2015,1
2,8,SODA-DIET,,20,1.89,0.0945,9.45,0,0,105,JUN2015,0
2,8,ENERGY-DIET,,6,2.28,0.38,38,0,0,108,JUN2015,0
2,8,SODA-DIET,,12,0.75,0.0625,6.25,0,0,111,JUN2015,0
2,8,SODA-DIET,,20,1.89,0.0945,9.45,0,0,112,JUN2015,1
2,8,ENERGY-DIET,,8.4,2.28,0.2714285714,27.14285714,0,0,113,JUN2015,1
2,8,ENERGY-DIET,,6,2.28,0.38,38,0,0,114,JUN2015,0
2,8,SODA,,20,1.89,0.0945,9.45,1,1,119,JUN2015,0
2,8,SODA,,67.6,2.28,0.03372781065,3.372781065,1,0,125,JUN2015,0
2,8,SPORT,,28,2.28,0.08142857143,8.142857143,1,0,140,JUN2015,0
2,8,ENERGY,,6,2.28,0.38,38,1,0,162,JUN2015,1
2,8,SODA,,12,0.75,0.0625,6.25,1,0,188,JUN2015,1
2,8,SODA,,20,1.89,0.0945,9.45,1,0,189,JUN2015,0
2,8,SODA,,67.6,2.28,0.03372781065,3.372781065,1,0,190,JUN2015,1
2,8,JUICE,COCONUT WATER,16.9,2.99,0.1769230769,17.69230769,0,1,192,JUN2015,1
2,8,ENERGY,,8.4,2.28,0.2714285714,27.14285714,1,0,193,JUN2015,1
2,8,ENERGY,,6,2.28,0.38,38,1,0,195,JUN2015,1
2,8,SODA,,67.6,2.28,0.03372781065,3.372781065,1,0,215,JUN2015,0
1,11,SODA-DIET,,12,0.55,0.04583333333,4.583333333,0,1,88,JUN2015,1
1,11,SODA-DIET,,72,3.29,0.04569444444,4.569444444,0,1,89,JUN2015,1
1,11,WATER,,16.5,1,0.06060606061,6.060606061,0,1,128,JUN2015,1
1,11,SODA,,12,0.67,0.05583333333,5.583333333,1,1,147,JUN2015,1
1,11,SODA,,72,4.02,0.05583333333,5.583333333,1,1,148,JUN2015,1
1,11,WATER,,23.6,0.29,0.01228813559,1.228813559,0,1,168,JUN2015,1
1,11,WATER,,50,0.49,0.0098,0.98,0,1,169,JUN2015,1
1,11,SODA,,40,4.39,0.10975,10.975,1,1,176,JUN2015,1
1,11,SODA,,33,2.88,0.08727272727,8.727272727,1,1,177,JUN2015,1
1,11,JUICE,,64,4.49,0.07015625,7.015625,0,1,225,JUN2015,1
1,11,JUICE,,64,2.99,0.04671875,4.671875,0,1,228,JUN2015,1
1,11,TEA,,33.8,1.49,0.04408284024,4.408284024,1,1,19,JUN2015,1
1,11,JUICE,,16,1.99,0.124375,12.4375,0,1,229,JUN2015,1
1,11,MILK,WHOLE MILK,64,1.99,0.03109375,3.109375,0,1,21,JUN2015,1
1,11,MILK,WHOLE MILK,128,3.79,0.029609375,2.9609375,0,1,20,JUN2015,1
1,11,JUICE,COCONUT WATER,14,1.99,0.1421428571,14.21428571,0,1,238,JUN2015,1
1,11,JUICE,COCONUT WATER,33,3.69,0.1118181818,11.18181818,0,1,239,JUN2015,1
1,11,JUICE,COCONUT WATER,11,1.49,0.1354545455,13.54545455,0,1,240,JUN2015,1
1,11,JUICE,COCONUT WATER,14,1.99,0.1421428571,14.21428571,0,1,241,JUN2015,1
3,20,TEA,,23,0.99,0.04304347826,4.304347826,1,0,32,JUN2015,1
3,20,TEA,,23,0.99,0.04304347826,4.304347826,1,0,33,JUN2015,1
3,20,WATER,,23.7,1.59,0.06708860759,6.708860759,0,1,37,JUN2015,1
3,20,MILK,LOW FAT MILK,128,3.19,0.024921875,2.4921875,0,0,40,JUN2015,0
3,20,MILK,LOW FAT MILK,64,2.59,0.04046875,4.046875,0,0,41,JUN2015,0
3,20,MILK,WHOLE MILK,128,3.19,0.024921875,2.4921875,0,0,42,JUN2015,0
3,20,MILK,WHOLE MILK,64,2.59,0.04046875,4.046875,0,0,43,JUN2015,1
3,20,JUICE DRINK,,60,3.79,0.06316666667,6.316666667,1,1,5,JUN2015,1
3,20,SODA,,144,4.99,0.03465277778,3.465277778,1,1,50,JUN2015,1
3,20,SODA-DIET,,60,3.99,0.0665,6.65,0,1,243,JUN2015,1
3,20,SODA,,60,3.99,0.0665,6.65,1,1,11,JUN2015,1
3,20,SODA,,8.5,1.69,0.1988235294,19.88235294,1,1,12,JUN2015,1
3,20,SODA-DIET,,60,3.99,0.0665,6.65,0,1,244,JUN2015,1
3,20,SODA-DIET,,67.6,2.19,0.0323964497,3.23964497,0,0,57,JUN2015,0
3,20,SODA,,20,1.99,0.0995,9.95,1,0,59,JUN2015,1
3,20,SODA,,67.6,2.19,0.0323964497,3.23964497,1,0,60,JUN2015,0
3,20,SODA-DIET,,20,1.89,0.0945,9.45,0,0,61,JUN2015,0
3,20,SODA-DIET,,144,4.99,0.03465277778,3.465277778,0,1,81,JUN2015,0
3,20,SODA-DIET,,144,4.99,0.03465277778,3.465277778,0,1,85,JUN2015,0
3,20,SODA-DIET,,144,4.99,0.03465277778,3.465277778,0,1,91,JUN2015,0
3,20,SODA-DIET,,67.6,2.19,0.0323964497,3.23964497,0,0,97,JUN2015,0
3,20,SODA-DIET,,67.6,1.99,0.02943786982,2.943786982,0,0,98,JUN2015,0
3,20,SODA-DIET,,67.6,1.99,0.02943786982,2.943786982,0,0,100,JUN2015,0
3,20,SODA-DIET,,20,1.89,0.0945,9.45,0,0,101,JUN2015,0
3,20,SODA-DIET,,20,1.89,0.0945,9.45,0,0,105,JUN2015,1
3,20,ENERGY-DIET,,6,2.99,0.4983333333,49.83333333,0,0,108,JUN2015,1
3,20,SODA-DIET,,20,1.99,0.0995,9.95,0,0,110,JUN2015,0
3,20,SODA-DIET,,20,1.99,0.0995,9.95,0,0,112,JUN2015,1
3,20,ENERGY-DIET,,8.4,1.99,0.2369047619,23.69047619,0,0,113,JUN2015,1
3,20,ENERGY-DIET,,6,2.49,0.415,41.5,0,0,114,JUN2015,1
3,20,SODA,,144,4.99,0.03465277778,3.465277778,1,1,117,JUN2015,1
3,20,SODA,,67.6,1.99,0.02943786982,2.943786982,1,0,125,JUN2015,0
3,20,SPORT,,28,2.79,0.09964285714,9.964285714,1,0,140,JUN2015,0
3,20,MILK,WHOLE MILK,64,4.49,0.07015625,7.015625,0,0,146,JUN2015,1
3,20,ENERGY,,6,2.99,0.4983333333,49.83333333,1,0,162,JUN2015,1
3,20,SODA,,144,4.99,0.03465277778,3.465277778,1,1,163,JUN2015,1
3,20,SODA,,20,1.99,0.0995,9.95,1,0,172,JUN2015,1
3,20,SODA,,144,4.99,0.03465277778,3.465277778,1,1,181,JUN2015,1
3,20,SODA,,60,3.99,0.0665,6.65,1,1,185,JUN2015,1
3,20,SODA-DIET,,60,3.99,0.0665,6.65,0,1,187,JUN2015,1
3,20,SODA,,20,1.99,0.0995,9.95,1,0,189,JUN2015,1
3,20,SODA,,67.6,1.99,0.02943786982,2.943786982,1,0,190,JUN2015,0
3,20,ENERGY,,8.4,1.99,0.2369047619,23.69047619,1,0,193,JUN2015,1
3,20,ENERGY,,6,2.49,0.415,41.5,1,0,195,JUN2015,1
3,20,TEA,,6,3.99,0.665,66.5,1,0,196,JUN2015,1
3,20,SODA,,144,4.99,0.03465277778,3.465277778,1,1,16,JUN2015,1
3,20,SODA,,60,3.99,0.0665,6.65,1,1,211,JUN2015,1
3,20,SODA,,20,1.89,0.0945,9.45,1,0,214,JUN2015,0
3,20,SODA,,20,1.99,0.0995,9.95,1,0,219,JUN2015,1
3,20,JUICE,,12,1.79,0.1491666667,14.91666667,0,0,230,JUN2015,1
3,20,JUICE,,59,4.99,0.08457627119,8.457627119,0,0,231,JUN2015,0
3,20,JUICE,COCONUT WATER,16.9,3.29,0.1946745562,19.46745562,0,0,232,JUN2015,1
3,20,JUICE,,62.37,4.99,0.08000641334,8.000641334,0,1,236,JUN2015,1
1,21,JUICE,COCONUT WATER,17.6,1.99,0.1130681818,11.30681818,0,1,22,JUN2015,0
1,21,SODA,,66,1.99,0.03015151515,3.015151515,1,1,23,JUN2015,0
1,21,SODA,,12,0.59,0.04916666667,4.916666667,1,1,24,JUN2015,0
1,21,MILK,,128,6.49,0.050703125,5.0703125,0,1,1,JUN2015,0
1,21,MILK,,64,3.99,0.06234375,6.234375,0,1,2,JUN2015,0
1,21,JUICE,,62.37,2.99,0.04793971461,4.793971461,0,1,25,JUN2015,0
1,21,JUICE,,27,2.99,0.1107407407,11.07407407,0,1,26,JUN2015,0
1,21,WATER,,23.6,0.69,0.02923728814,2.923728814,0,0,77,JUN2015,1
1,21,SODA-DIET,,12,1.19,0.09916666667,9.916666667,0,1,84,JUN2015,1
1,21,SODA,,12,0.59,0.04916666667,4.916666667,1,1,123,JUN2015,1
1,21,SODA-DIET,,12,1.19,0.09916666667,9.916666667,0,1,124,JUN2015,1
1,21,ENERGY,,12,2.79,0.2325,23.25,1,1,142,JUN2015,1
1,21,TEA,,16,1.69,0.105625,10.5625,1,1,151,JUN2015,1
1,21,TEA,,6,2.99,0.4983333333,49.83333333,1,0,196,JUN2015,1
1,21,JUICE,,16,3.99,0.249375,24.9375,0,1,237,JUN2015,1
2,16,WATER,,33.8,1.69,0.05,5,0,0,29,MARCH2015,1
2,16,WATER,,33.8,1.79,0.05295857988,5.295857988,0,0,38,MARCH2015,1
2,16,MILK,LOW FAT MILK,64,2.79,0.04359375,4.359375,0,0,41,MARCH2015,1
2,16,MILK,WHOLE MILK,64,2.79,0.04359375,4.359375,0,0,43,MARCH2015,1
2,16,SODA,,144,6.79,0.04715277778,4.715277778,1,1,50,MARCH2015,0
2,16,SODA,,20,1.99,0.0995,9.95,1,0,59,MARCH2015,1
2,16,SODA,,67.6,3.19,0.04718934911,4.718934911,1,0,60,MARCH2015,1
2,16,SODA-DIET,,20,1.99,0.0995,9.95,0,0,61,MARCH2015,0
2,16,SODA-DIET,,144,6.79,0.04715277778,4.715277778,0,1,81,MARCH2015,0
2,16,SODA-DIET,,144,6.79,0.04715277778,4.715277778,0,1,91,MARCH2015,0
2,16,SODA-DIET,,67.6,3.19,0.04718934911,4.718934911,0,0,97,MARCH2015,1
2,16,SODA-DIET,,67.6,3.19,0.04718934911,4.718934911,0,0,98,MARCH2015,0
2,16,SODA-DIET,,67.6,3.19,0.04718934911,4.718934911,0,0,99,MARCH2015,0
2,16,SODA-DIET,,67.6,3.19,0.04718934911,4.718934911,0,0,100,MARCH2015,1
2,16,SODA-DIET,,20,1.99,0.0995,9.95,0,0,105,MARCH2015,1
2,16,ENERGY-DIET,,6,2.79,0.465,46.5,0,0,108,MARCH2015,1
2,16,SODA-DIET,,20,1.99,0.0995,9.95,0,0,110,MARCH2015,1
2,16,SODA-DIET,,20,1.99,0.0995,9.95,0,0,112,MARCH2015,1
2,16,ENERGY-DIET,,8.4,2.69,0.3202380952,32.02380952,0,0,113,MARCH2015,1
2,16,ENERGY-DIET,,6,2.39,0.3983333333,39.83333333,0,0,114,MARCH2015,1
2,16,SODA,,67.6,3.19,0.04718934911,4.718934911,1,0,125,MARCH2015,0
2,16,SODA,,20,1.89,0.0945,9.45,1,1,130,MARCH2015,0
2,16,SPORT,,28,2.59,0.0925,9.25,1,0,140,MARCH2015,1
2,16,MILK,WHOLE MILK,64,3.79,0.05921875,5.921875,0,0,146,MARCH2015,0
2,16,MILK,,64,5.79,0.09046875,9.046875,0,1,152,MARCH2015,0
2,16,JUICE,,15.2,2.39,0.1572368421,15.72368421,0,0,160,MARCH2015,1
2,16,ENERGY,,6,2.79,0.465,46.5,1,0,162,MARCH2015,1
2,16,SODA,,33.8,3.19,0.09437869822,9.437869822,1,0,170,MARCH2015,0
2,16,SODA,,20,1.99,0.0995,9.95,1,0,172,MARCH2015,1
2,16,SODA,,144,6.79,0.04715277778,4.715277778,1,1,181,MARCH2015,1
2,16,SODA,,12,3.19,0.2658333333,26.58333333,1,0,188,MARCH2015,0
2,16,SODA,,20,1.99,0.0995,9.95,1,0,189,MARCH2015,1
2,16,ENERGY,,8.4,2.69,0.3202380952,32.02380952,1,0,193,MARCH2015,1
2,16,ENERGY,,6,2.39,0.3983333333,39.83333333,1,0,195,MARCH2015,1
2,16,TEA,,6,3.69,0.615,61.5,1,0,196,MARCH2015,1
2,16,SODA,,144,6.79,0.04715277778,4.715277778,1,1,16,MARCH2015,0
2,16,SODA,,20,1.99,0.0995,9.95,1,0,214,MARCH2015,1
2,16,SODA,,67.6,3.19,0.04718934911,4.718934911,1,0,215,MARCH2015,1
2,16,SODA,,20,1.99,0.0995,9.95,1,0,219,MARCH2015,0
2,16,JUICE,,12,1.99,0.1658333333,16.58333333,0,0,230,MARCH2015,1
2,16,JUICE,COCONUT WATER,16.9,2.99,0.1769230769,17.69230769,0,0,232,MARCH2015,1
4,6,TEA,,23,0.99,0.04304347826,4.304347826,1,0,32,MARCH2015,1
4,6,TEA,,23,0.99,0.04304347826,4.304347826,1,0,33,MARCH2015,0
4,6,SODA,,20,1.69,0.0845,8.45,1,0,59,MARCH2015,0
4,6,SODA-DIET,,20,0.99,0.0495,4.95,0,1,96,MARCH2015,0
4,6,TEA-DIET,,23,0.99,0.04304347826,4.304347826,0,0,103,MARCH2015,0
4,6,SODA-DIET,,20,1.69,0.0845,8.45,0,0,105,MARCH2015,0
4,6,SODA-DIET,,20,1.69,0.0845,8.45,0,0,112,MARCH2015,1
4,6,ENERGY-DIET,,8.4,2.49,0.2964285714,29.64285714,0,0,113,MARCH2015,0
4,6,SODA,,20,1.69,0.0845,8.45,1,1,119,MARCH2015,0
4,6,SODA,,20,0.99,0.0495,4.95,1,1,130,MARCH2015,0
4,6,SODA,,6,0.99,0.165,16.5,1,0,133,MARCH2015,0
4,6,SPORT,,28,1.79,0.06392857143,6.392857143,1,0,140,MARCH2015,1
4,6,JUICE,,15.2,1.99,0.1309210526,13.09210526,0,0,160,MARCH2015,0
4,6,ENERGY,,6,2.49,0.415,41.5,1,0,162,MARCH2015,1
4,6,SODA,,20,1.69,0.0845,8.45,1,0,172,MARCH2015,0
4,6,SODA,,20,1.69,0.0845,8.45,1,0,189,MARCH2015,1
4,6,ENERGY,,8.4,2.49,0.2964285714,29.64285714,1,0,193,MARCH2015,1
4,6,ENERGY,,6,2.49,0.415,41.5,1,0,195,MARCH2015,1
4,6,SODA,,20,1.69,0.0845,8.45,1,0,214,MARCH2015,0
4,6,JUICE,COCONUT WATER,16.9,2.89,0.1710059172,17.10059172,0,0,232,MARCH2015,1
2,10,TEA,,23,0.83,0.03608695652,3.608695652,1,0,32,MARCH2015,1
2,10,TEA,,23,0.83,0.03608695652,3.608695652,1,0,33,MARCH2015,1
2,10,MILK,LOW FAT MILK,128,4.44,0.0346875,3.46875,0,0,40,MARCH2015,0
2,10,MILK,LOW FAT MILK,64,3.1,0.0484375,4.84375,0,0,41,MARCH2015,0
2,10,MILK,WHOLE MILK,128,4.44,0.0346875,3.46875,0,0,42,MARCH2015,1
2,10,MILK,WHOLE MILK,64,3.1,0.0484375,4.84375,0,0,43,MARCH2015,1
2,10,JUICE,COCONUT WATER,17,2.22,0.1305882353,13.05882353,0,1,4,MARCH2015,1
2,10,JUICE DRINK,,6,0.5,0.08333333333,8.333333333,1,0,47,MARCH2015,0
2,10,SODA-DIET,,16,1.56,0.0975,9.75,0,1,51,MARCH2015,0
2,10,SODA,,12,0.62,0.05166666667,5.166666667,1,0,58,MARCH2015,1
2,10,SODA,,20,1.51,0.0755,7.55,1,0,59,MARCH2015,1
2,10,SODA,,67.6,2.12,0.03136094675,3.136094675,1,0,60,MARCH2015,1
2,10,SODA-DIET,,20,1.51,0.0755,7.55,0,0,61,MARCH2015,0
2,10,WATER,,20,1.72,0.086,8.6,0,0,79,MARCH2015,0
2,10,SODA-DIET,,67.6,2.12,0.03136094675,3.136094675,0,0,97,MARCH2015,1
2,10,SODA-DIET,,67.6,2.12,0.03136094675,3.136094675,0,0,100,MARCH2015,1
2,10,SODA-DIET,,12,0.62,0.05166666667,5.166666667,0,0,104,MARCH2015,0
2,10,ENERGY-DIET,,6,2.17,0.3616666667,36.16666667,0,0,108,MARCH2015,0
2,10,SODA-DIET,,20,1.68,0.084,8.4,0,0,112,MARCH2015,0
2,10,ENERGY-DIET,,6,2.17,0.3616666667,36.16666667,0,0,114,MARCH2015,1
2,10,SODA,,66,2.22,0.03363636364,3.363636364,1,1,118,MARCH2015,1
2,10,SODA,,67.6,2.12,0.03136094675,3.136094675,1,0,125,MARCH2015,0
2,10,SODA,,66,2.22,0.03363636364,3.363636364,1,1,129,MARCH2015,0
2,10,SODA,,20,1.56,0.078,7.8,1,1,130,MARCH2015,0
2,10,SODA,,6,1.51,0.2516666667,25.16666667,1,0,133,MARCH2015,0
2,10,SPORT,,28,2.12,0.07571428571,7.571428571,1,0,140,MARCH2015,1
2,10,JUICE,,15.2,1.72,0.1131578947,11.31578947,0,0,160,MARCH2015,1
2,10,ENERGY,,6,2.17,0.3616666667,36.16666667,1,0,162,MARCH2015,1
2,10,SODA,,33.8,2.12,0.06272189349,6.272189349,1,0,170,MARCH2015,0
2,10,SODA,,20,1.68,0.084,8.4,1,0,172,MARCH2015,1
2,10,SODA,,20,1.68,0.084,8.4,1,0,189,MARCH2015,1
2,10,SODA,,67.6,2.12,0.03136094675,3.136094675,1,0,190,MARCH2015,1
2,10,ENERGY,,6,2.17,0.3616666667,36.16666667,1,0,195,MARCH2015,1
2,10,TEA,,6,2.61,0.435,43.5,1,0,196,MARCH2015,0
2,10,TEA,,6,1.28,0.2133333333,21.33333333,1,0,207,MARCH2015,1
2,10,SODA,,12,0.62,0.05166666667,5.166666667,1,0,213,MARCH2015,1
2,10,SODA,,20,1.51,0.0755,7.55,1,0,214,MARCH2015,0
2,10,SODA,,20,0.83,0.0415,4.15,1,0,219,MARCH2015,0
2,10,JUICE,,59,4.34,0.07355932203,7.355932203,0,0,231,MARCH2015,0
1,25,WATER,,33.8,1.99,0.05887573964,5.887573964,0,0,29,MARCH2015,1
1,25,MILK,LOW FAT MILK,128,5.49,0.042890625,4.2890625,0,1,6,MARCH2015,1
1,25,MILK,LOW FAT MILK,64,2.99,0.04671875,4.671875,0,1,7,MARCH2015,1
1,25,MILK,WHOLE MILK,128,5.49,0.042890625,4.2890625,0,1,8,MARCH2015,1
1,25,MILK,WHOLE MILK,64,2.99,0.04671875,4.671875,0,1,9,MARCH2015,1
1,25,SODA,,144,8.43,0.05854166667,5.854166667,1,1,50,MARCH2015,1
1,25,SODA-DIET,,67.6,2.19,0.0323964497,3.23964497,0,0,57,MARCH2015,1
1,25,SODA,,20,2.19,0.1095,10.95,1,0,59,MARCH2015,1
1,25,SODA,,67.6,2.87,0.0424556213,4.24556213,1,0,60,MARCH2015,1
1,25,SODA-DIET,,20,1.99,0.0995,9.95,0,0,61,MARCH2015,1
1,25,WATER,,33.8,1.29,0.03816568047,3.816568047,0,0,76,MARCH2015,1
1,25,SODA-DIET,,144,6.99,0.04854166667,4.854166667,0,1,81,MARCH2015,1
1,25,SODA-DIET,,144,6.99,0.04854166667,4.854166667,0,1,91,MARCH2015,1
1,25,SODA-DIET,,67.6,2.19,0.0323964497,3.23964497,0,0,97,MARCH2015,1
1,25,SODA-DIET,,67.6,1.99,0.02943786982,2.943786982,0,0,98,MARCH2015,0
1,25,SODA-DIET,,67.6,1.99,0.02943786982,2.943786982,0,0,100,MARCH2015,1
1,25,SODA-DIET,,67.6,2.19,0.0323964497,3.23964497,0,0,102,MARCH2015,0
1,25,SODA-DIET,,20,1.99,0.0995,9.95,0,0,105,MARCH2015,1
1,25,SODA-DIET,,20,1.99,0.0995,9.95,0,0,110,MARCH2015,0
1,25,SODA-DIET,,20,1.99,0.0995,9.95,0,0,112,MARCH2015,1
1,25,ENERGY-DIET,,8.4,2.49,0.2964285714,29.64285714,0,0,113,MARCH2015,1
1,25,ENERGY-DIET,,6,2.39,0.3983333333,39.83333333,0,0,114,MARCH2015,1
1,25,SODA,,67.6,2.67,0.03949704142,3.949704142,1,0,125,MARCH2015,0
1,25,MILK,WHOLE MILK,64,5.99,0.09359375,9.359375,0,0,146,MARCH2015,0
1,25,JUICE,,48,4.99,0.1039583333,10.39583333,0,1,149,MARCH2015,0
1,25,SODA,,12.5,1.81,0.1448,14.48,1,0,153,MARCH2015,1
1,25,SODA,,144,8.43,0.05854166667,5.854166667,1,1,163,MARCH2015,0
1,25,SODA,,20,2.19,0.1095,10.95,1,0,172,MARCH2015,0
1,25,SODA,,144,8.43,0.05854166667,5.854166667,1,1,181,MARCH2015,0
1,25,SODA,,20,2.19,0.1095,10.95,1,0,189,MARCH2015,1
1,25,SODA,,67.6,2.67,0.03949704142,3.949704142,1,0,190,MARCH2015,1
1,25,ENERGY,,8.4,2.57,0.305952381,30.5952381,1,0,193,MARCH2015,1
1,25,ENERGY,,6,2.55,0.425,42.5,1,0,195,MARCH2015,1
1,25,TEA,,6,3.49,0.5816666667,58.16666667,1,0,196,MARCH2015,1
1,25,TEA-DIET,,6,1.69,0.2816666667,28.16666667,0,0,206,MARCH2015,0
1,25,TEA,,6,1.69,0.2816666667,28.16666667,1,0,207,MARCH2015,0
1,25,SODA,,20,2.19,0.1095,10.95,1,0,214,MARCH2015,0
1,25,SODA,,67.6,2.87,0.0424556213,4.24556213,1,0,215,MARCH2015,1
1,25,SODA,,20,2.19,0.1095,10.95,1,0,219,MARCH2015,1
1,25,JUICE,,59,5.99,0.1015254237,10.15254237,0,0,231,MARCH2015,0
1,25,JUICE,COCONUT WATER,16.9,2.99,0.1769230769,17.69230769,0,0,232,MARCH2015,1
2,1,MILK,WHOLE MILK,64,3.99,0.06234375,6.234375,0,0,43,MARCH2015,0
2,1,SODA,,12,1,0.08333333333,8.333333333,1,0,58,MARCH2015,1
2,1,SODA,,20,2,0.1,10,1,0,59,MARCH2015,0
2,1,SODA-DIET,,20,2,0.1,10,0,0,61,MARCH2015,0
2,1,WATER,,33.8,2.45,0.0724852071,7.24852071,0,0,76,MARCH2015,1
2,1,WATER,,23.6,1.35,0.05720338983,5.720338983,0,0,77,MARCH2015,0
2,1,WATER,,20,1,0.05,5,0,0,79,MARCH2015,0
2,1,SODA-DIET,,12,1,0.08333333333,8.333333333,0,0,104,MARCH2015,1
2,1,SODA-DIET,,20,2,0.1,10,0,0,105,MARCH2015,0
2,1,SODA-DIET,,12,1,0.08333333333,8.333333333,0,0,106,MARCH2015,1
2,1,SODA-DIET,,12,1,0.08333333333,8.333333333,0,0,111,MARCH2015,0
2,1,SODA-DIET,,20,2,0.1,10,0,0,112,MARCH2015,1
2,1,SODA,,12,1,0.08333333333,8.333333333,1,0,126,MARCH2015,1
2,1,SODA,,12,1,0.08333333333,8.333333333,1,0,188,MARCH2015,1
2,1,SODA,,20,2,0.1,10,1,0,189,MARCH2015,0
2,1,JUICE,COCONUT WATER,16.9,1.99,0.1177514793,11.77514793,0,0,232,MARCH2015,1
1,24,WATER,,33.8,0.89,0.02633136095,2.633136095,0,0,38,MARCH2015,0
1,24,MILK,LOW FAT MILK,128,4.79,0.037421875,3.7421875,0,0,40,MARCH2015,1
1,24,MILK,LOW FAT MILK,64,2.99,0.04671875,4.671875,0,0,41,MARCH2015,1
1,24,MILK,WHOLE MILK,128,4.79,0.037421875,3.7421875,0,0,42,MARCH2015,1
1,24,MILK,WHOLE MILK,64,2.99,0.04671875,4.671875,0,0,43,MARCH2015,1
1,24,JUICE DRINK,,60,3.99,0.0665,6.65,1,1,5,MARCH2015,1
1,24,SODA,,144,6.99,0.04854166667,4.854166667,1,1,50,MARCH2015,0
1,24,SODA-DIET,,67.6,1.99,0.02943786982,2.943786982,0,0,57,MARCH2015,1
1,24,SODA,,20,1.99,0.0995,9.95,1,0,59,MARCH2015,1
1,24,SODA,,67.6,1.99,0.02943786982,2.943786982,1,0,60,MARCH2015,1
1,24,SODA-DIET,,20,1.99,0.0995,9.95,0,0,61,MARCH2015,0
1,24,SODA-DIET,,144,6.99,0.04854166667,4.854166667,0,1,81,MARCH2015,0
1,24,SODA-DIET,,67.6,1.99,0.02943786982,2.943786982,0,0,97,MARCH2015,1
1,24,SODA-DIET,,20,1.99,0.0995,9.95,0,0,105,MARCH2015,1
1,24,ENERGY-DIET,,8.4,2.29,0.2726190476,27.26190476,0,0,113,MARCH2015,1
1,24,MILK,LOW FAT MILK,64,5.39,0.08421875,8.421875,0,0,144,MARCH2015,0
1,24,MILK,WHOLE MILK,64,5.39,0.08421875,8.421875,0,0,146,MARCH2015,1
1,24,ENERGY,,6,1.99,0.3316666667,33.16666667,1,0,162,MARCH2015,1
1,24,ENERGY,,8.4,2.29,0.2726190476,27.26190476,1,0,193,MARCH2015,1
1,24,TEA,,6,2.99,0.4983333333,49.83333333,1,0,196,MARCH2015,1
1,24,TEA-DIET,,6,1.49,0.2483333333,24.83333333,0,0,206,MARCH2015,1
1,24,TEA,,6,1.49,0.2483333333,24.83333333,1,0,207,MARCH2015,1
1,24,SODA,,144,6.99,0.04854166667,4.854166667,1,1,16,MARCH2015,1
1,24,SODA,,20,1.99,0.0995,9.95,1,0,214,MARCH2015,1
1,24,SODA,,67.6,1.99,0.02943786982,2.943786982,1,0,215,MARCH2015,1
1,24,SODA,,20,0.99,0.0495,4.95,1,0,219,MARCH2015,1
1,24,JUICE,,59,5.79,0.09813559322,9.813559322,0,0,231,MARCH2015,0
1,24,JUICE,COCONUT WATER,16.9,2.69,0.1591715976,15.91715976,0,0,232,MARCH2015,1
2,12,JUICE,,20.25,2.49,0.122962963,12.2962963,0,1,3,MARCH2015,0
2,12,WATER,,128,2.19,0.017109375,1.7109375,0,1,34,MARCH2015,0
2,12,MILK,LOW FAT MILK,128,7.99,0.062421875,6.2421875,0,1,6,MARCH2015,0
2,12,MILK,WHOLE MILK,128,7.99,0.062421875,6.2421875,0,1,8,MARCH2015,0
2,12,JUICE,,62.37,3.99,0.06397306397,6.397306397,0,1,62,MARCH2015,0
2,12,WATER,,33.8,0.99,0.02928994083,2.928994083,0,0,76,MARCH2015,0
2,12,JUICE,,12.5,5.19,0.4152,41.52,0,1,155,MARCH2015,0
2,12,JUICE,,15.2,3.29,0.2164473684,21.64473684,0,1,175,MARCH2015,0
2,12,TEA,,6,2.99,0.4983333333,49.83333333,1,0,196,MARCH2015,1
2,12,JUICE,COCONUT WATER,11.1,2.29,0.2063063063,20.63063063,0,1,234,MARCH2015,1
3,15,WATER,,33.8,2.09,0.06183431953,6.183431953,0,0,29,MARCH2015,0
3,15,WATER,,33.8,1.89,0.05591715976,5.591715976,0,0,38,MARCH2015,0
3,15,SODA,,144,6.49,0.04506944444,4.506944444,1,1,50,MARCH2015,0
3,15,SODA-DIET,,67.6,2.27,0.03357988166,3.357988166,0,0,57,MARCH2015,1
3,15,SODA,,20,1.94,0.097,9.7,1,0,59,MARCH2015,1
3,15,SODA,,67.6,2.27,0.03357988166,3.357988166,1,0,60,MARCH2015,1
3,15,SODA-DIET,,20,1.94,0.097,9.7,0,0,61,MARCH2015,0
3,15,WATER,,20,1.77,0.0885,8.85,0,0,79,MARCH2015,1
3,15,SODA-DIET,,144,6.49,0.04506944444,4.506944444,0,1,81,MARCH2015,1
3,15,SODA-DIET,,144,6.49,0.04506944444,4.506944444,0,1,91,MARCH2015,1
3,15,SODA-DIET,,67.6,2.27,0.03357988166,3.357988166,0,0,97,MARCH2015,1
3,15,SODA-DIET,,67.6,2.27,0.03357988166,3.357988166,0,0,98,MARCH2015,0
3,15,SODA-DIET,,67.6,2.27,0.03357988166,3.357988166,0,0,100,MARCH2015,1
3,15,SODA-DIET,,67.6,2.27,0.03357988166,3.357988166,0,0,102,MARCH2015,0
3,15,ENERGY-DIET,,6,2.77,0.4616666667,46.16666667,0,0,108,MARCH2015,0
3,15,SODA-DIET,,20,1.94,0.097,9.7,0,0,110,MARCH2015,1
3,15,SODA-DIET,,20,1.94,0.097,9.7,0,0,112,MARCH2015,0
3,15,ENERGY-DIET,,8.4,2.57,0.305952381,30.5952381,0,0,113,MARCH2015,0
3,15,ENERGY-DIET,,6,1.99,0.3316666667,33.16666667,0,0,114,MARCH2015,1
3,15,SODA,,144,6.49,0.04506944444,4.506944444,1,1,117,MARCH2015,1
3,15,SODA,,60,6.49,0.1081666667,10.81666667,1,1,246,MARCH2015,1
3,15,SODA,,67.6,2.27,0.03357988166,3.357988166,1,0,125,MARCH2015,0
3,15,SODA,,66,2.27,0.03439393939,3.439393939,1,1,129,MARCH2015,0
3,15,SODA,,20,1.94,0.097,9.7,1,1,130,MARCH2015,0
3,15,JUICE,,15.2,2.19,0.1440789474,14.40789474,0,0,160,MARCH2015,1
3,15,ENERGY,,6,2.77,0.4616666667,46.16666667,1,0,162,MARCH2015,1
3,15,SODA,,33.8,2.27,0.06715976331,6.715976331,1,0,170,MARCH2015,0
3,15,SODA,,20,1.94,0.097,9.7,1,0,172,MARCH2015,1
3,15,SODA,,144,6.49,0.04506944444,4.506944444,1,1,181,MARCH2015,1
3,15,SODA,,20,1.94,0.097,9.7,1,0,189,MARCH2015,1
3,15,SODA,,67.6,2.27,0.03357988166,3.357988166,1,0,190,MARCH2015,1
3,15,ENERGY,,8.4,2.57,0.305952381,30.5952381,1,0,193,MARCH2015,0
3,15,ENERGY,,6,1.99,0.3316666667,33.16666667,1,0,195,MARCH2015,1
3,15,SODA,,144,6.49,0.04506944444,4.506944444,1,1,16,MARCH2015,0
3,15,SODA,,20,1.94,0.097,9.7,1,0,214,MARCH2015,0
3,15,SODA,,67.6,2.27,0.03357988166,3.357988166,1,0,215,MARCH2015,1
3,15,JUICE,,12,1.79,0.1491666667,14.91666667,0,0,230,MARCH2015,1
3,15,JUICE,,59,4.99,0.08457627119,8.457627119,0,0,231,MARCH2015,0
3,15,JUICE,COCONUT WATER,16.9,3.19,0.1887573964,18.87573964,0,0,232,MARCH2015,1
4,19,WATER,,33.8,1.69,0.05,5,0,0,29,MARCH2015,0
4,19,TEA,,23,0.99,0.04304347826,4.304347826,1,0,32,MARCH2015,0
4,19,TEA,,23,0.99,0.04304347826,4.304347826,1,0,33,MARCH2015,0
4,19,WATER,,20,1.09,0.0545,5.45,0,1,35,MARCH2015,0
4,19,WATER,,33.8,1.39,0.04112426036,4.112426036,0,0,38,MARCH2015,0
4,19,SODA,,12,1.39,0.1158333333,11.58333333,1,0,58,MARCH2015,0
4,19,SODA,,20,1.79,0.0895,8.95,1,0,59,MARCH2015,0
4,19,WATER,,20,1.39,0.0695,6.95,0,0,79,MARCH2015,0
4,19,TEA-DIET,,23,0.99,0.04304347826,4.304347826,0,0,103,MARCH2015,0
4,19,SODA-DIET,,12,1.39,0.1158333333,11.58333333,0,0,104,MARCH2015,0
4,19,SODA-DIET,,20,1.79,0.0895,8.95,0,0,105,MARCH2015,0
4,19,ENERGY-DIET,,6,2.59,0.4316666667,43.16666667,0,0,108,MARCH2015,1
4,19,SODA-DIET,,20,1.79,0.0895,8.95,0,0,110,MARCH2015,0
4,19,SODA-DIET,,20,1.79,0.0895,8.95,0,0,112,MARCH2015,0
4,19,ENERGY-DIET,,8.4,2.59,0.3083333333,30.83333333,0,0,113,MARCH2015,1
4,19,ENERGY-DIET,,6,2.59,0.4316666667,43.16666667,0,0,114,MARCH2015,1
4,19,SODA,,12,1.39,0.1158333333,11.58333333,1,0,126,MARCH2015,0
4,19,SODA,,20,1.79,0.0895,8.95,1,1,130,MARCH2015,0
4,19,SPORT,,28,2.29,0.08178571429,8.178571429,1,0,140,MARCH2015,0
4,19,JUICE,,15.2,1.89,0.1243421053,12.43421053,0,0,160,MARCH2015,0
4,19,ENERGY,,6,2.59,0.4316666667,43.16666667,1,0,162,MARCH2015,1
4,19,SODA,,20,1.79,0.0895,8.95,1,0,172,MARCH2015,0
4,19,SODA,,20,1.79,0.0895,8.95,1,0,189,MARCH2015,0
4,19,ENERGY,,8.4,2.59,0.3083333333,30.83333333,1,0,193,MARCH2015,1
4,19,ENERGY,,6,2.59,0.4316666667,43.16666667,1,0,195,MARCH2015,1
4,19,TEA,,6,1.39,0.2316666667,23.16666667,1,0,207,MARCH2015,0
4,19,TEA,,32,1.99,0.0621875,6.21875,1,1,207,MARCH2015,0
4,19,SODA,,20,1.79,0.0895,8.95,1,0,214,MARCH2015,0
4,19,JUICE,,12,1.69,0.1408333333,14.08333333,0,0,230,MARCH2015,0
4,19,JUICE,COCONUT WATER,16.9,2.89,0.1710059172,17.10059172,0,0,232,MARCH2015,0
4,19,WATER-SWEET,,20,1.69,0.0845,8.45,1,1,235,MARCH2015,0
2,14,TEA,,23,0.99,0.04304347826,4.304347826,1,0,32,MARCH2015,0
2,14,TEA,,23,0.99,0.04304347826,4.304347826,1,0,33,MARCH2015,0
2,14,MILK,LOW FAT MILK,64,3.49,0.05453125,5.453125,0,0,41,MARCH2015,0
2,14,MILK,WHOLE MILK,64,3.49,0.05453125,5.453125,0,0,43,MARCH2015,0
2,14,SODA,,12,0.99,0.0825,8.25,1,0,58,MARCH2015,0
2,14,SODA,,20,1.94,0.097,9.7,1,0,59,MARCH2015,1
2,14,SODA,,67.6,2.29,0.03387573964,3.387573964,1,0,60,MARCH2015,1
2,14,WATER,,23.6,1.39,0.05889830508,5.889830508,0,0,77,MARCH2015,0
2,14,SODA-DIET,,67.6,2.29,0.03387573964,3.387573964,0,0,97,MARCH2015,1
2,14,SODA-DIET,,67.6,2.39,0.03535502959,3.535502959,0,0,98,MARCH2015,0
2,14,SODA-DIET,,67.6,2.39,0.03535502959,3.535502959,0,0,99,MARCH2015,0
2,14,SODA-DIET,,67.6,2.39,0.03535502959,3.535502959,0,0,100,MARCH2015,0
2,14,TEA-DIET,,23,0.99,0.04304347826,4.304347826,0,0,103,MARCH2015,0
2,14,SODA-DIET,,20,1.94,0.097,9.7,0,0,105,MARCH2015,1
2,14,SODA-DIET,,12,0.99,0.0825,8.25,0,0,106,MARCH2015,0
2,14,SODA,,67.6,2.29,0.03387573964,3.387573964,1,0,125,MARCH2015,0
2,14,SODA,,12,0.99,0.0825,8.25,1,0,126,MARCH2015,0
2,14,SODA,,20,0.99,0.0495,4.95,1,1,130,MARCH2015,0
2,14,SODA,,6,0.99,0.165,16.5,1,0,133,MARCH2015,0
2,14,SODA,,28,1.89,0.0675,6.75,1,1,138,MARCH2015,0
2,14,MILK,LOW FAT MILK,64,5.49,0.08578125,8.578125,0,0,144,MARCH2015,0
2,14,JUICE,,15.2,1.99,0.1309210526,13.09210526,0,0,160,MARCH2015,0
2,14,ENERGY,,6,2.29,0.3816666667,38.16666667,1,0,162,MARCH2015,1
2,14,JUICE,COCONUT WATER,16.9,1.69,0.1,10,0,1,179,MARCH2015,0
2,14,SODA,,67.6,2.29,0.03387573964,3.387573964,1,0,190,MARCH2015,0
2,14,ENERGY,,6,2.29,0.3816666667,38.16666667,1,0,195,MARCH2015,1
2,14,TEA,,6,3.75,0.625,62.5,1,0,196,MARCH2015,0
2,14,TEA,,6,1.44,0.24,24,1,0,207,MARCH2015,0
2,14,SODA,,12,0.99,0.0825,8.25,1,0,213,MARCH2015,1
2,14,SODA,,20,1.94,0.097,9.7,1,0,214,MARCH2015,0
2,14,SODA,,67.6,2.29,0.03387573964,3.387573964,1,0,215,MARCH2015,1
2,14,SODA,,20,0.99,0.0495,4.95,1,0,219,MARCH2015,1
2,14,JUICE,,12,2.25,0.1875,18.75,0,0,230,MARCH2015,0
2,14,JUICE,,59,5.49,0.09305084746,9.305084746,0,0,231,MARCH2015,0
2,22,WATER,,96,1,0.01041666667,1.041666667,0,1,68,MARCH2015,0
2,22,SODA-DIET,,16.9,1,0.05917159763,5.917159763,0,1,82,MARCH2015,0
2,22,SODA-DIET,,20,1,0.05,5,0,1,86,MARCH2015,0
2,22,SODA-DIET,,82.5,1,0.01212121212,1.212121212,0,1,94,MARCH2015,0
2,22,SODA-DIET,,20,1,0.05,5,0,0,112,MARCH2015,0
2,23,WATER,,33.8,1.68,0.04970414201,4.970414201,0,0,29,MARCH2015,0
2,23,JUICE DRINK,,6,0.65,0.1083333333,10.83333333,1,0,47,MARCH2015,1
2,23,SODA,,12,0.84,0.07,7,1,0,58,MARCH2015,1
2,23,SODA,,20,1.95,0.0975,9.75,1,0,59,MARCH2015,1
2,23,SODA-DIET,,20,1.95,0.0975,9.75,0,0,61,MARCH2015,1
2,23,WATER,,49.5,1.78,0.03595959596,3.595959596,0,1,66,MARCH2015,1
2,23,SODA-DIET,,67.6,2.34,0.03461538462,3.461538462,0,0,100,MARCH2015,1
2,23,SODA-DIET,,12,0.84,0.07,7,0,0,104,MARCH2015,1
2,23,SODA-DIET,,20,1.95,0.0975,9.75,0,0,105,MARCH2015,1
2,23,ENERGY-DIET,,6,2.39,0.3983333333,39.83333333,0,0,108,MARCH2015,1
2,23,SODA-DIET,,20,1.95,0.0975,9.75,0,0,110,MARCH2015,0
2,23,SODA-DIET,,20,1.95,0.0975,9.75,0,0,112,MARCH2015,1
2,23,ENERGY-DIET,,8.4,2.39,0.2845238095,28.45238095,0,0,113,MARCH2015,1
2,23,ENERGY-DIET,,6,2.39,0.3983333333,39.83333333,0,0,114,MARCH2015,1
2,23,SODA,,67.6,2.34,0.03461538462,3.461538462,1,0,125,MARCH2015,0
2,23,SODA,,20,2,0.1,10,1,1,130,MARCH2015,0
2,23,SPORT,,28,1.9,0.06785714286,6.785714286,1,0,140,MARCH2015,1
2,23,ENERGY,,6,2.39,0.3983333333,39.83333333,1,0,162,MARCH2015,1
2,23,SODA,,33.8,2.34,0.06923076923,6.923076923,1,0,170,MARCH2015,1
2,23,SODA,,12,0.84,0.07,7,1,0,171,MARCH2015,1
2,23,SODA,,20,1.95,0.0975,9.75,1,0,172,MARCH2015,1
2,23,SODA,,12,0.84,0.07,7,1,0,188,MARCH2015,0
2,23,SODA,,20,1.95,0.0975,9.75,1,0,189,MARCH2015,1
2,23,SODA,,67.6,2.34,0.03461538462,3.461538462,1,0,190,MARCH2015,1
2,23,ENERGY,,8.4,2.39,0.2845238095,28.45238095,1,0,193,MARCH2015,1
2,23,ENERGY,,6,2.39,0.3983333333,39.83333333,1,0,195,MARCH2015,1
2,23,TEA,,6,3.76,0.6266666667,62.66666667,1,0,196,MARCH2015,1
2,23,TEA,,6,1.95,0.325,32.5,1,0,207,MARCH2015,0
2,23,SODA,,12,0.84,0.07,7,1,0,213,MARCH2015,1
2,23,SODA,,20,1.95,0.0975,9.75,1,0,214,MARCH2015,1
2,23,SODA,,20,1.95,0.0975,9.75,1,0,219,MARCH2015,1
2,23,JUICE,COCONUT WATER,16.9,3.06,0.1810650888,18.10650888,0,0,232,MARCH2015,0
4,4,TEA,,23,0.99,0.04304347826,4.304347826,1,0,32,MARCH2015,1
4,4,TEA,,23,0.99,0.04304347826,4.304347826,1,0,33,MARCH2015,1
4,4,WATER,,33.8,1.74,0.05147928994,5.147928994,0,0,38,MARCH2015,0
4,4,MILK,WHOLE MILK,64,3.49,0.05453125,5.453125,0,0,43,MARCH2015,1
4,4,SODA,,12,0.89,0.07416666667,7.416666667,1,0,58,MARCH2015,1
4,4,SODA,,20,1.69,0.0845,8.45,1,0,59,MARCH2015,1
4,4,SODA,,67.6,2.89,0.04275147929,4.275147929,1,0,60,MARCH2015,1
4,4,SODA-DIET,,20,1.69,0.0845,8.45,0,0,61,MARCH2015,0
4,4,WATER,,23.6,1.44,0.06101694915,6.101694915,0,0,77,MARCH2015,1
4,4,WATER,,20,1.54,0.077,7.7,0,0,79,MARCH2015,1
4,4,SODA-DIET,,67.6,2.89,0.04275147929,4.275147929,0,0,97,MARCH2015,1
4,4,SODA-DIET,,20,1.69,0.0845,8.45,0,0,105,MARCH2015,1
4,4,SODA,,6,0.99,0.165,16.5,1,0,133,MARCH2015,0
4,4,SPORT,,28,1.54,0.055,5.5,1,0,140,MARCH2015,1
4,4,JUICE,,15.2,2.29,0.1506578947,15.06578947,0,0,160,MARCH2015,1
4,4,ENERGY,,6,2.49,0.415,41.5,1,0,162,MARCH2015,1
4,4,SODA,,20,1.69,0.0845,8.45,1,0,172,MARCH2015,1
4,4,SODA,,20,1.69,0.0845,8.45,1,0,189,MARCH2015,1
4,4,SODA,,67.6,2.98,0.04408284024,4.408284024,1,0,190,MARCH2015,1
4,4,ENERGY,,8.4,2.29,0.2726190476,27.26190476,1,0,193,MARCH2015,1
4,4,ENERGY,,6,2.49,0.415,41.5,1,0,195,MARCH2015,1
4,4,SODA,,20,1.69,0.0845,8.45,1,0,214,MARCH2015,1
4,4,SODA,,67.6,2.89,0.04275147929,4.275147929,1,0,215,MARCH2015,0
4,4,JUICE,COCONUT WATER,16.9,2.49,0.1473372781,14.73372781,0,0,232,MARCH2015,1
2,17,MILK,LOW FAT MILK,128,4.88,0.038125,3.8125,0,0,40,MARCH2015,1
2,17,MILK,LOW FAT MILK,64,3.1,0.0484375,4.84375,0,0,41,MARCH2015,1
2,17,MILK,WHOLE MILK,128,4.88,0.038125,3.8125,0,0,42,MARCH2015,1
2,17,MILK,WHOLE MILK,64,3.1,0.0484375,4.84375,0,0,43,MARCH2015,1
2,17,SODA,,12,1.06,0.08833333333,8.833333333,1,0,58,MARCH2015,0
2,17,SODA-DIET,,12,1.06,0.08833333333,8.833333333,0,0,104,MARCH2015,1
2,17,SODA-DIET,,12,1.06,0.08833333333,8.833333333,0,0,111,MARCH2015,0
2,17,ENERGY-DIET,,8.4,2.17,0.2583333333,25.83333333,0,0,113,MARCH2015,1
2,17,SODA,,12,1.06,0.08833333333,8.833333333,1,0,126,MARCH2015,0
2,17,SODA,,6,1.15,0.1916666667,19.16666667,1,0,133,MARCH2015,0
2,17,ENERGY,,6,2.17,0.3616666667,36.16666667,1,0,162,MARCH2015,0
2,17,SODA,,12,1.06,0.08833333333,8.833333333,1,0,171,MARCH2015,0
2,17,SODA,,20,1.73,0.0865,8.65,1,0,172,MARCH2015,1
2,17,SODA,,12,1.06,0.08833333333,8.833333333,1,0,188,MARCH2015,1
2,17,ENERGY,,8.4,2.17,0.2583333333,25.83333333,1,0,193,MARCH2015,1
2,17,ENERGY,,6,2.17,0.3616666667,36.16666667,1,0,195,MARCH2015,1
2,17,SODA,,20,0.83,0.0415,4.15,1,0,219,MARCH2015,1
1,13,SODA,,20,1.49,0.0745,7.45,1,0,59,MARCH2015,1
1,13,SODA-DIET,,20,1.49,0.0745,7.45,0,0,61,MARCH2015,0
1,13,MILK,WHOLE MILK,64,1.89,0.02953125,2.953125,0,1,72,MARCH2015,0
1,13,SODA-DIET,,72,2.44,0.03388888889,3.388888889,0,1,87,MARCH2015,0
1,13,SODA-DIET,,72,2.29,0.03180555556,3.180555556,0,1,92,MARCH2015,0
1,13,SODA-DIET,,20,1.49,0.0745,7.45,0,0,105,MARCH2015,0
1,13,ENERGY-DIET,,6,1.89,0.315,31.5,0,0,108,MARCH2015,0
1,13,SODA-DIET,,20,1.49,0.0745,7.45,0,0,112,MARCH2015,0
1,13,SODA,,72,2.71,0.03763888889,3.763888889,1,1,120,MARCH2015,0
1,13,JUICE DRINK,,0.19,0.1,0.5263157895,52.63157895,1,1,154,MARCH2015,0
1,13,SODA,,72,2.71,0.03763888889,3.763888889,1,1,164,MARCH2015,0
1,13,SODA,,20,1.69,0.0845,8.45,1,0,172,MARCH2015,0
1,13,SODA,,72,2.29,0.03180555556,3.180555556,1,1,182,MARCH2015,0
1,13,SODA,,20,1.49,0.0745,7.45,1,0,189,MARCH2015,0
1,13,ENERGY,,6,1.89,0.315,31.5,1,0,195,MARCH2015,0
1,13,SODA,,20,1.49,0.0745,7.45,1,0,214,MARCH2015,1
1,13,SODA,,66,1.88,0.02848484848,2.848484848,1,1,218,MARCH2015,0
1,13,SODA,,20,1.49,0.0745,7.45,1,0,219,MARCH2015,0
2,9,MILK,LOW FAT MILK,128,3.99,0.031171875,3.1171875,0,0,40,MARCH2015,0
2,9,MILK,LOW FAT MILK,64,2.66,0.0415625,4.15625,0,0,41,MARCH2015,0
2,9,MILK,WHOLE MILK,128,3.99,0.031171875,3.1171875,0,0,42,MARCH2015,1
2,9,MILK,WHOLE MILK,64,2.66,0.0415625,4.15625,0,0,43,MARCH2015,1
2,9,SODA,,12,0.83,0.06916666667,6.916666667,1,0,58,MARCH2015,1
2,9,SODA,,20,1.69,0.0845,8.45,1,0,59,MARCH2015,1
2,9,SODA,,67.6,2.49,0.03683431953,3.683431953,1,0,60,MARCH2015,1
2,9,SODA-DIET,,67.6,2.11,0.03121301775,3.121301775,0,0,97,MARCH2015,0
2,9,SODA-DIET,,12,0.83,0.06916666667,6.916666667,0,0,104,MARCH2015,1
2,9,SODA-DIET,,20,1.69,0.0845,8.45,0,0,105,MARCH2015,1
2,9,ENERGY-DIET,,6,2.16,0.36,36,0,0,108,MARCH2015,0
2,9,SODA-DIET,,12,0.99,0.0825,8.25,0,0,111,MARCH2015,0
2,9,ENERGY-DIET,,6,2.16,0.36,36,0,0,114,MARCH2015,1
2,9,SPORT,,28,2.11,0.07535714286,7.535714286,1,0,140,MARCH2015,1
2,9,SODA,,12,1.49,0.1241666667,12.41666667,1,1,15,MARCH2015,0
2,9,ENERGY,,6,2.16,0.36,36,1,0,162,MARCH2015,1
2,9,SODA,,20,1.69,0.0845,8.45,1,0,172,MARCH2015,1
2,9,SODA,,12,0.99,0.0825,8.25,1,0,188,MARCH2015,1
2,9,SODA,,20,1.69,0.0845,8.45,1,0,189,MARCH2015,1
2,9,ENERGY,,8.4,2.16,0.2571428571,25.71428571,1,0,193,MARCH2015,1
2,9,ENERGY,,6,2.16,0.36,36,1,0,195,MARCH2015,1
2,9,SODA,,12,0.99,0.0825,8.25,1,0,213,MARCH2015,1
2,9,SODA,,67.6,2.11,0.03121301775,3.121301775,1,0,215,MARCH2015,1
2,9,SODA,,20,0.99,0.0495,4.95,1,0,219,MARCH2015,1
2,9,JUICE DRINK,,16,1.49,0.093125,9.3125,1,1,220,MARCH2015,1
2,9,JUICE,,59,3.45,0.05847457627,5.847457627,0,0,231,MARCH2015,0
2,9,JUICE,COCONUT WATER,16.9,2.61,0.1544378698,15.44378698,0,0,232,MARCH2015,1
2,9,ENERGY,,16,0.99,0.061875,6.1875,1,1,233,MARCH2015,1
2,5,TEA,,23,0.99,0.04304347826,4.304347826,1,0,32,MARCH2015,1
2,5,TEA,,23,0.99,0.04304347826,4.304347826,1,0,33,MARCH2015,0
2,5,MILK,WHOLE MILK,128,4.29,0.033515625,3.3515625,0,0,42,MARCH2015,1
2,5,MILK,WHOLE MILK,64,3.29,0.05140625,5.140625,0,0,43,MARCH2015,1
2,5,SODA,,12,0.79,0.06583333333,6.583333333,1,0,58,MARCH2015,1
2,5,SODA,,20,1.79,0.0895,8.95,1,0,59,MARCH2015,1
2,5,SODA-DIET,,67.6,2.29,0.03387573964,3.387573964,0,0,97,MARCH2015,1
2,5,TEA-DIET,,23,0.99,0.04304347826,4.304347826,0,0,103,MARCH2015,0
2,5,SODA-DIET,,20,1.79,0.0895,8.95,0,0,105,MARCH2015,1
2,5,SODA-DIET,,20,1.59,0.0795,7.95,0,0,112,MARCH2015,0
2,5,ENERGY-DIET,,8.4,2.29,0.2726190476,27.26190476,0,0,113,MARCH2015,1
2,5,SODA,,67.6,2.29,0.03387573964,3.387573964,1,0,125,MARCH2015,0
2,5,SPORT,,28,1.79,0.06392857143,6.392857143,1,0,140,MARCH2015,1
2,5,SODA,,12.5,1.39,0.1112,11.12,1,0,153,MARCH2015,1
2,5,SODA,,20,1.59,0.0795,7.95,1,0,172,MARCH2015,0
2,5,SODA,,20,1.59,0.0795,7.95,1,0,189,MARCH2015,0
2,5,ENERGY,,8.4,2.29,0.2726190476,27.26190476,1,0,193,MARCH2015,1
2,5,TEA,,6,1.59,0.265,26.5,1,0,207,MARCH2015,0
2,5,SODA,,20,1.79,0.0895,8.95,1,0,214,MARCH2015,1
2,26,MILK,LOW FAT MILK,128,4.49,0.035078125,3.5078125,0,0,40,MARCH2015,0
2,26,MILK,LOW FAT MILK,64,2.89,0.04515625,4.515625,0,0,41,MARCH2015,0
2,26,MILK,WHOLE MILK,128,4.49,0.035078125,3.5078125,0,0,42,MARCH2015,1
2,26,MILK,WHOLE MILK,64,2.89,0.04515625,4.515625,0,0,43,MARCH2015,1
2,26,SODA,,240,8.99,0.03745833333,3.745833333,1,1,13,MARCH2015,0
2,26,SODA-DIET,,67.6,2.49,0.03683431953,3.683431953,0,0,57,MARCH2015,0
2,26,SODA,,67.6,2.49,0.03683431953,3.683431953,1,0,60,MARCH2015,1
2,26,SODA-DIET,,67.6,2.49,0.03683431953,3.683431953,0,0,97,MARCH2015,1
2,26,SODA-DIET,,67.6,1.79,0.02647928994,2.647928994,0,0,100,MARCH2015,0
2,26,ENERGY-DIET,,6,2.29,0.3816666667,38.16666667,0,0,108,MARCH2015,1
2,26,SODA-DIET,,20,1.59,0.0795,7.95,0,0,112,MARCH2015,0
2,26,ENERGY-DIET,,8.4,2.29,0.2726190476,27.26190476,0,0,113,MARCH2015,1
2,26,JUICE,COCONUT WATER,50,2.19,0.0438,4.38,0,1,14,MARCH2015,0
2,26,SPORT,,28,1.99,0.07107142857,7.107142857,1,0,140,MARCH2015,0
2,26,ENERGY,,6,2.29,0.3816666667,38.16666667,1,0,162,MARCH2015,0
2,26,SODA,,12,1.59,0.1325,13.25,1,0,171,MARCH2015,0
2,26,SODA,,20,1.59,0.0795,7.95,1,0,189,MARCH2015,0
2,26,SODA,,67.6,1.79,0.02647928994,2.647928994,1,0,190,MARCH2015,0
2,26,ENERGY,,8.4,2.29,0.2726190476,27.26190476,1,0,193,MARCH2015,1
2,26,TEA,,6,3.59,0.5983333333,59.83333333,1,0,196,MARCH2015,1
2,26,SODA,,240,7.99,0.03329166667,3.329166667,1,1,17,MARCH2015,0
2,7,SODA,,12,0.9,0.075,7.5,1,0,58,MARCH2015,1
2,7,SODA-DIET,,12,0.9,0.075,7.5,0,0,104,MARCH2015,0
2,7,SODA,,12,0.9,0.075,7.5,1,0,188,MARCH2015,1
2,18,SODA,,12,0.75,0.0625,6.25,1,0,58,MARCH2015,1
2,18,SODA-DIET,,12,0.75,0.0625,6.25,0,0,104,MARCH2015,0
2,18,SODA,,12,0.75,0.0625,6.25,1,0,213,MARCH2015,0
1,3,WATER,,33.8,1.99,0.05887573964,5.887573964,0,0,29,MARCH2015,1
1,3,TEA,,23,0.99,0.04304347826,4.304347826,1,0,32,MARCH2015,1
1,3,TEA,,23,0.99,0.04304347826,4.304347826,1,0,33,MARCH2015,1
1,3,SODA,,144,6.99,0.04854166667,4.854166667,1,1,50,MARCH2015,0
1,3,SODA-DIET,,67.6,1.99,0.02943786982,2.943786982,0,0,57,MARCH2015,1
1,3,SODA,,20,1.99,0.0995,9.95,1,0,59,MARCH2015,1
1,3,SODA,,67.6,2.67,0.03949704142,3.949704142,1,0,60,MARCH2015,1
1,3,SODA-DIET,,20,1.99,0.0995,9.95,0,0,61,MARCH2015,1
1,3,WATER,,20,1.89,0.0945,9.45,0,0,79,MARCH2015,1
1,3,SODA-DIET,,144,6.99,0.04854166667,4.854166667,0,1,81,MARCH2015,1
1,3,SODA-DIET,,144,6.99,0.04854166667,4.854166667,0,1,85,MARCH2015,1
1,3,SODA-DIET,,144,6.99,0.04854166667,4.854166667,0,1,90,MARCH2015,1
1,3,SODA-DIET,,144,6.99,0.04854166667,4.854166667,0,1,91,MARCH2015,1
1,3,SODA-DIET,,67.6,1.99,0.02943786982,2.943786982,0,0,97,MARCH2015,1
1,3,SODA-DIET,,67.6,1.99,0.02943786982,2.943786982,0,0,98,MARCH2015,1
1,3,SODA-DIET,,67.6,1.99,0.02943786982,2.943786982,0,0,99,MARCH2015,1
1,3,SODA-DIET,,67.6,1.99,0.02943786982,2.943786982,0,0,100,MARCH2015,1
1,3,SODA-DIET,,67.6,1.99,0.02943786982,2.943786982,0,0,102,MARCH2015,0
1,3,SODA-DIET,,20,1.99,0.0995,9.95,0,0,105,MARCH2015,0
1,3,ENERGY-DIET,,6,2.49,0.415,41.5,0,0,108,MARCH2015,1
1,3,SODA-DIET,,20,1.99,0.0995,9.95,0,0,112,MARCH2015,0
1,3,ENERGY-DIET,,8.4,2.29,0.2726190476,27.26190476,0,0,113,MARCH2015,1
1,3,ENERGY-DIET,,6,2.29,0.3816666667,38.16666667,0,0,114,MARCH2015,1
1,3,SODA,,144,6.99,0.04854166667,4.854166667,1,1,117,MARCH2015,1
1,3,SODA,,67.6,2.67,0.03949704142,3.949704142,1,0,125,MARCH2015,1
1,3,SODA,,66,1.99,0.03015151515,3.015151515,1,1,129,MARCH2015,1
1,3,SODA,,20,1.99,0.0995,9.95,1,1,130,MARCH2015,1
1,3,SPORT,,32,2.31,0.0721875,7.21875,1,1,137,MARCH2015,1
1,3,MILK,LOW FAT MILK,64,5.69,0.08890625,8.890625,0,0,144,MARCH2015,0
1,3,MILK,WHOLE MILK,64,5.69,0.08890625,8.890625,0,0,146,MARCH2015,0
1,3,ENERGY,,6,2.49,0.415,41.5,1,0,162,MARCH2015,1
1,3,SODA,,144,6.99,0.04854166667,4.854166667,1,1,163,MARCH2015,1
1,3,SODA,,33.8,2.67,0.07899408284,7.899408284,1,0,170,MARCH2015,1
1,3,SODA,,144,6.99,0.04854166667,4.854166667,1,1,181,MARCH2015,0
1,3,SODA,,20,1.99,0.0995,9.95,1,0,189,MARCH2015,1
1,3,SODA,,67.6,2.67,0.03949704142,3.949704142,1,0,190,MARCH2015,1
1,3,ENERGY,,8.4,2.29,0.2726190476,27.26190476,1,0,193,MARCH2015,1
1,3,ENERGY,,6,2.29,0.3816666667,38.16666667,1,0,195,MARCH2015,1
1,3,TEA,,6,1.59,0.265,26.5,1,0,207,MARCH2015,0
1,3,SODA,,144,6.99,0.04854166667,4.854166667,1,1,16,MARCH2015,#N/A
1,3,SODA,,20,1.99,0.0995,9.95,1,0,214,MARCH2015,1
1,3,SODA,,67.6,2.67,0.03949704142,3.949704142,1,0,215,MARCH2015,1
1,3,SODA,,20,1.99,0.0995,9.95,1,0,219,MARCH2015,1
1,3,JUICE,,59,4.99,0.08457627119,8.457627119,0,0,231,MARCH2015,1
1,3,JUICE,COCONUT WATER,16.9,2.99,0.1769230769,17.69230769,0,0,232,MARCH2015,1
2,2,TEA,,23,1.06,0.04608695652,4.608695652,1,0,32,MARCH2015,0
2,2,SODA,,12,0.84,0.07,7,1,0,58,MARCH2015,1
2,2,SODA,,20,1.95,0.0975,9.75,1,0,59,MARCH2015,1
2,2,SODA,,67.6,2.79,0.04127218935,4.127218935,1,0,60,MARCH2015,1
2,2,SODA-DIET,,20,1.95,0.0975,9.75,0,0,61,MARCH2015,1
2,2,WATER,,33.8,1.46,0.04319526627,4.319526627,0,0,76,MARCH2015,0
2,2,SODA-DIET,,67.6,2.79,0.04127218935,4.127218935,0,0,97,MARCH2015,1
2,2,SODA-DIET,,12,0.84,0.07,7,0,0,104,MARCH2015,1
2,2,SODA-DIET,,20,1.95,0.0975,9.75,0,0,105,MARCH2015,1
2,2,SODA-DIET,,12,0.84,0.07,7,0,0,106,MARCH2015,0
2,2,ENERGY-DIET,,6,2.17,0.3616666667,36.16666667,0,0,108,MARCH2015,1
2,2,SODA-DIET,,12,0.84,0.07,7,0,0,111,MARCH2015,1
2,2,SODA-DIET,,20,1.95,0.0975,9.75,0,0,112,MARCH2015,1
2,2,ENERGY-DIET,,8.4,2.17,0.2583333333,25.83333333,0,0,113,MARCH2015,1
2,2,ENERGY-DIET,,6,2.17,0.3616666667,36.16666667,0,0,114,MARCH2015,1
2,2,SODA,,12,0.84,0.07,7,1,0,126,MARCH2015,1
2,2,SODA,,20,2,0.1,10,1,1,130,MARCH2015,1
2,2,SPORT,,20,1.33,0.0665,6.65,1,1,139,MARCH2015,1
2,2,ENERGY,,6,2.17,0.3616666667,36.16666667,1,0,162,MARCH2015,1
2,2,SODA,,12,0.84,0.07,7,1,0,171,MARCH2015,0
2,2,SODA,,12,0.84,0.07,7,1,0,188,MARCH2015,1
2,2,SODA,,20,1.95,0.0975,9.75,1,0,189,MARCH2015,1
2,2,SODA,,67.6,2.79,0.04127218935,4.127218935,1,0,190,MARCH2015,0
2,2,ENERGY,,8.4,2.17,0.2583333333,25.83333333,1,0,193,MARCH2015,1
2,2,ENERGY,,6,2.17,0.3616666667,36.16666667,1,0,195,MARCH2015,1
2,2,TEA,,6,3.28,0.5466666667,54.66666667,1,0,196,MARCH2015,0
2,2,TEA-DIET,,6,1.95,0.325,32.5,0,0,206,MARCH2015,0
2,2,TEA,,6,1.95,0.325,32.5,1,0,207,MARCH2015,0
2,2,SODA,,12,0.84,0.07,7,1,0,213,MARCH2015,1
2,2,SODA,,20,1.95,0.0975,9.75,1,0,214,MARCH2015,1
2,2,SODA,,67.6,2.79,0.04127218935,4.127218935,1,0,215,MARCH2015,1
2,2,JUICE,COCONUT WATER,16.9,2.17,0.1284023669,12.84023669,0,0,232,MARCH2015,0
2,8,MILK,WHOLE MILK,128,4.99,0.038984375,3.8984375,0,0,42,MARCH2015,0
2,8,MILK,WHOLE MILK,64,3.99,0.06234375,6.234375,0,0,43,MARCH2015,0
2,8,SODA,,12,0.99,0.0825,8.25,1,0,58,MARCH2015,1
2,8,SODA,,67.6,2.24,0.03313609467,3.313609467,1,0,60,MARCH2015,1
2,8,WATER,,23.6,1.39,0.05889830508,5.889830508,0,0,77,MARCH2015,0
2,8,SODA-DIET,,67.6,2.24,0.03313609467,3.313609467,0,0,97,MARCH2015,0
2,8,SODA-DIET,,12,0.89,0.07416666667,7.416666667,0,0,104,MARCH2015,1
2,8,SODA-DIET,,12,0.99,0.0825,8.25,0,0,106,MARCH2015,0
2,8,SODA-DIET,,12,0.99,0.0825,8.25,0,0,111,MARCH2015,0
2,8,SODA-DIET,,20,1.89,0.0945,9.45,0,0,112,MARCH2015,1
2,8,ENERGY-DIET,,8.4,2.24,0.2666666667,26.66666667,0,0,113,MARCH2015,1
2,8,SODA,,20,1.89,0.0945,9.45,1,1,119,MARCH2015,0
2,8,SODA,,67.6,2.99,0.04423076923,4.423076923,1,0,125,MARCH2015,0
2,8,ENERGY,,6,2.29,0.3816666667,38.16666667,1,0,162,MARCH2015,1
2,8,SODA,,20,1.89,0.0945,9.45,1,0,172,MARCH2015,0
2,8,SODA,,12,0.99,0.0825,8.25,1,0,188,MARCH2015,1
2,8,SODA,,20,1.89,0.0945,9.45,1,0,189,MARCH2015,0
2,8,SODA,,67.6,2.24,0.03313609467,3.313609467,1,0,190,MARCH2015,1
2,8,JUICE,COCONUT WATER,16.9,2.99,0.1769230769,17.69230769,0,1,192,MARCH2015,1
2,8,ENERGY,,8.4,2.49,0.2964285714,29.64285714,1,0,193,MARCH2015,1
2,8,ENERGY,,6,2.28,0.38,38,1,0,195,MARCH2015,1
2,8,TEA,,6,3.66,0.61,61,1,0,196,MARCH2015,0
2,8,SODA,,12,0.89,0.07416666667,7.416666667,1,0,213,MARCH2015,0
2,8,SODA,,20,1.89,0.0945,9.45,1,0,214,MARCH2015,0
2,8,SODA,,67.6,2.39,0.03535502959,3.535502959,1,0,215,MARCH2015,0
2,8,JUICE,,12,1.89,0.1575,15.75,0,0,230,MARCH2015,0
2,8,JUICE,COCONUT WATER,16.9,2.99,0.1769230769,17.69230769,0,0,232,MARCH2015,0
1,11,SODA-DIET,,12,0.62,0.05166666667,5.166666667,0,1,88,MARCH2015,1
1,11,SODA-DIET,,72,3.69,0.05125,5.125,0,1,89,MARCH2015,1
1,11,WATER,,49.5,1.99,0.0402020202,4.02020202,0,1,134,MARCH2015,1
1,11,WATER,,101.4,5.99,0.0590729783,5.90729783,0,1,135,MARCH2015,1
1,11,SODA,,12,0.62,0.05166666667,5.166666667,1,1,147,MARCH2015,1
1,11,SODA,,72,3.69,0.05125,5.125,1,1,148,MARCH2015,1
1,11,WATER,,23.6,0.29,0.01228813559,1.228813559,0,1,168,MARCH2015,1
1,11,WATER,,50,0.49,0.0098,0.98,0,1,169,MARCH2015,1
1,11,SODA,,33,2.88,0.08727272727,8.727272727,1,1,177,MARCH2015,1
1,11,JUICE,,64,4.49,0.07015625,7.015625,0,1,226,MARCH2015,1
1,11,JUICE,,64,5.99,0.09359375,9.359375,0,1,227,MARCH2015,1
1,11,JUICE,,64,2.99,0.04671875,4.671875,0,1,228,MARCH2015,1
1,11,TEA,,33.8,1.49,0.04408284024,4.408284024,1,1,19,MARCH2015,1
1,11,JUICE,,16,1.99,0.124375,12.4375,0,1,229,MARCH2015,1
1,11,MILK,WHOLE MILK,128,2.89,0.022578125,2.2578125,0,1,20,MARCH2015,1
1,11,MILK,WHOLE MILK,64,1.99,0.03109375,3.109375,0,1,21,MARCH2015,1
1,11,JUICE,COCONUT WATER,33,3.69,0.1118181818,11.18181818,0,1,239,MARCH2015,1
1,11,JUICE,COCONUT WATER,11,1.49,0.1354545455,13.54545455,0,1,240,MARCH2015,1
3,20,TEA,,23,0.99,0.04304347826,4.304347826,1,0,32,MARCH2015,1
3,20,TEA,,23,0.99,0.04304347826,4.304347826,1,0,33,MARCH2015,1
3,20,MILK,LOW FAT MILK,64,2.59,0.04046875,4.046875,0,0,41,MARCH2015,0
3,20,MILK,WHOLE MILK,64,2.59,0.04046875,4.046875,0,0,43,MARCH2015,1
3,20,JUICE DRINK,,60,3.99,0.0665,6.65,1,1,5,MARCH2015,1
3,20,SODA,,144,6.19,0.04298611111,4.298611111,1,1,50,MARCH2015,1
3,20,SODA,,20,1.99,0.0995,9.95,1,0,59,MARCH2015,1
3,20,SODA-DIET,,144,6.19,0.04298611111,4.298611111,0,1,81,MARCH2015,0
3,20,SODA-DIET,,144,6.19,0.04298611111,4.298611111,0,1,85,MARCH2015,0
3,20,SODA-DIET,,144,6.19,0.04298611111,4.298611111,0,1,91,MARCH2015,0
3,20,TEA-DIET,,23,0.99,0.04304347826,4.304347826,0,0,103,MARCH2015,0
3,20,SODA-DIET,,20,1.99,0.0995,9.95,0,0,105,MARCH2015,1
3,20,ENERGY-DIET,,6,1.99,0.3316666667,33.16666667,0,0,108,MARCH2015,1
3,20,SODA-DIET,,20,1.99,0.0995,9.95,0,0,110,MARCH2015,0
3,20,SODA-DIET,,20,1.99,0.0995,9.95,0,0,112,MARCH2015,1
3,20,ENERGY-DIET,,8.4,2.29,0.2726190476,27.26190476,0,0,113,MARCH2015,1
3,20,ENERGY-DIET,,6,2.49,0.415,41.5,0,0,114,MARCH2015,1
3,20,SODA,,144,6.19,0.04298611111,4.298611111,1,1,117,MARCH2015,1
3,20,SPORT,,28,2.79,0.09964285714,9.964285714,1,0,140,MARCH2015,0
3,20,MILK,LOW FAT MILK,64,5.99,0.09359375,9.359375,0,0,144,MARCH2015,0
3,20,MILK,WHOLE MILK,64,5.99,0.09359375,9.359375,0,0,146,MARCH2015,1
3,20,ENERGY,,6,1.99,0.3316666667,33.16666667,1,0,162,MARCH2015,1
3,20,SODA,,144,6.19,0.04298611111,4.298611111,1,1,163,MARCH2015,1
3,20,SODA,,20,1.99,0.0995,9.95,1,0,172,MARCH2015,1
3,20,SODA,,144,6.19,0.04298611111,4.298611111,1,1,181,MARCH2015,1
3,20,SODA,,20,1.99,0.0995,9.95,1,0,189,MARCH2015,1
3,20,ENERGY,,8.4,2.29,0.2726190476,27.26190476,1,0,193,MARCH2015,1
3,20,ENERGY,,6,2.49,0.415,41.5,1,0,195,MARCH2015,1
3,20,TEA,,6,3.99,0.665,66.5,1,0,196,MARCH2015,1
3,20,SODA,,144,6.19,0.04298611111,4.298611111,1,1,16,MARCH2015,1
3,20,SODA,,20,1.99,0.0995,9.95,1,0,214,MARCH2015,0
3,20,SODA,,20,1.99,0.0995,9.95,1,0,219,MARCH2015,1
3,20,JUICE,,12,1.79,0.1491666667,14.91666667,0,0,230,MARCH2015,1
3,20,JUICE,COCONUT WATER,16.9,2.99,0.1769230769,17.69230769,0,0,232,MARCH2015,1
1,21,JUICE,COCONUT WATER,17.6,1.99,0.1130681818,11.30681818,0,1,22,MARCH2015,0
1,21,SODA,,66,1.99,0.03015151515,3.015151515,1,1,23,MARCH2015,0
1,21,MILK,WHOLE MILK,128,3.29,0.025703125,2.5703125,0,1,1,MARCH2015,0
1,21,MILK,WHOLE MILK,64,2.19,0.03421875,3.421875,0,1,2,MARCH2015,0
1,21,JUICE,,62.37,2.99,0.04793971461,4.793971461,0,1,25,MARCH2015,0
1,21,WATER,,23.6,0.69,0.02923728814,2.923728814,0,0,77,MARCH2015,1
1,21,TEA,,16,1.69,0.105625,10.5625,1,1,151,MARCH2015,1
1,21,TEA,,6,2.99,0.4983333333,49.83333333,1,0,196,MARCH2015,1
